@ARTICLE{catalogue,
   author = {{H{\o}g}, E. and {Fabricius}, C. and {Makarov}, V.~V. and others},
    title = "{The Tycho-2 catalogue of the 2.5 million brightest stars}",
  journal = {\aap},
 keywords = {ASTROMETRY, STARS: FUNDAMENTAL PARAMETERS, CATALOGS},
     year = 2000,
    month = mar,
   volume = 355,
    pages = {L27-L30},
   adsurl = {http://cdsads.u-strasbg.fr/abs/2000A%26A...355L..27H},
  adsnote = {Provided by the SAO/NASA Astrophysics Data System}
}

@ARTICLE{Barnes2007,
   author = {{Barnes}, S.~A.},
    title = "{Ages for Illustrative Field Stars Using Gyrochronology: Viability, Limitations, and Errors}",
  journal = {\apj},
archivePrefix = "arXiv",
   eprint = {0704.3068},
 keywords = {Galaxy: Open Clusters and Associations: General, Stars: Activity, Stars: Evolution, Stars: Late-Type, Stars: Magnetic Fields, Stars: Rotation},
     year = 2007,
    month = nov,
   volume = 669,
    pages = {1167-1189},
      doi = {10.1086/519295},
   adsurl = {http://adsabs.harvard.edu/abs/2007ApJ...669.1167B},
  adsnote = {Provided by the SAO/NASA Astrophysics Data System}
}

@INPROCEEDINGS{McQuillan_2,
   author = {{McQuillan}, A. and {Aigrain}, S. and {Roberts}, S.},
    title = "{Statistics of Stellar Variability in Kepler Data with ARC Systematics Removal}",
 keywords = {stars: activity, stars: rotation, stars: statistics, stars: spots, Galaxy: stellar content},
booktitle = {IAU Symposium},
     year = 2012,
   series = {IAU Symposium},
   volume = 285,
   editor = {{Griffin}, E. and {Hanisch}, R. and {Seaman}, R.},
    month = apr,
    pages = {364-365},
      doi = {10.1017/S1743921312001081},
   adsurl = {http://adsabs.harvard.edu/abs/2012IAUS..285..364M},
  adsnote = {Provided by the SAO/NASA Astrophysics Data System}
}

@ARTICLE{Soderblom2010,
   author = {{Soderblom}, D.~R.},
    title = "{The Ages of Stars}",
  journal = {\araa},
archivePrefix = "arXiv",
   eprint = {1003.6074},
 primaryClass = "astro-ph.SR",
     year = 2010,
    month = sep,
   volume = 48,
    pages = {581-629},
      doi = {10.1146/annurev-astro-081309-130806},
   adsurl = {http://adsabs.harvard.edu/abs/2010ARA%26A..48..581S},
  adsnote = {Provided by the SAO/NASA Astrophysics Data System}
}

@ARTICLE{Chaplin_2011,
   author = {{Chaplin}, W.~J. and {Kjeldsen}, H. and {Christensen-Dalsgaard}, J. and others},
    title = "{Ensemble Asteroseismology of Solar-Type Stars with the NASA Kepler Mission}",
  journal = {Science},
archivePrefix = "arXiv",
   eprint = {1109.4723},
 primaryClass = "astro-ph.SR",
     year = 2011,
    month = apr,
   volume = 332,
    pages = {213-},
      doi = {10.1126/science.1201827},
   adsurl = {http://adsabs.harvard.edu/abs/2011Sci...332..213C},
  adsnote = {Provided by the SAO/NASA Astrophysics Data System}
}

@INPROCEEDINGS{Irwin2009,
   author = {{Irwin}, J. and {Bouvier}, J.},
    title = "{The rotational evolution of low-mass stars}",
 keywords = {stars: late-type, stars: low-mass, stars: pre{\ndash}main-sequence, stars: rotation},
booktitle = {IAU Symposium},
     year = 2009,
   series = {IAU Symposium},
   volume = 258,
   editor = {{Mamajek}, E.~E. and {Soderblom}, D.~R. and {Wyse}, R.~F.~G.
	},
    month = jun,
    pages = {363-374},
      doi = {10.1017/S1743921309032025},
   adsurl = {http://adsabs.harvard.edu/abs/2009IAUS..258..363I},
  adsnote = {Provided by the SAO/NASA Astrophysics Data System}
}

@ARTICLE{Zechmeister,
   author = {{Zechmeister}, M. and {K{\"u}rster}, M.},
    title = "{The generalised Lomb-Scargle periodogram. A new formalism for the floating-mean and Keplerian periodograms}",
  journal = {\aap},
archivePrefix = "arXiv",
   eprint = {0901.2573},
 primaryClass = "astro-ph.IM",
 keywords = {methods: data analysis, methods: analytical, methods: statistical, techniques: radial velocities},
     year = 2009,
    month = mar,
   volume = 496,
    pages = {577-584},
      doi = {10.1051/0004-6361:200811296},
   adsurl = {http://adsabs.harvard.edu/abs/2009A%26A...496..577Z},
  adsnote = {Provided by the SAO/NASA Astrophysics Data System}
}

@ARTICLE{McQuillan,
   author = {{McQuillan}, A. and {Aigrain}, S. and {Roberts}, S.},
    title = "{Statistics of stellar variability from Kepler. I. Revisiting Quarter 1 with an astrophysically robust systematics correction}",
  journal = {\aap},
archivePrefix = "arXiv",
   eprint = {1111.5580},
 primaryClass = "astro-ph.SR",
 keywords = {techniques: photometric, stars: activity, Galaxy: structure, stars: rotation, stars: statistics},
     year = 2012,
    month = mar,
   volume = 539,
      eid = {A137},
    pages = {A137},
      doi = {10.1051/0004-6361/201016148},
   adsurl = {http://adsabs.harvard.edu/abs/2012A%26A...539A.137M},
  adsnote = {Provided by the SAO/NASA Astrophysics Data System}
}

@ARTICLE{Smith_2012,
   author = {{Smith}, J.~C. and {Stumpe}, M.~C. and {Van Cleve}, J.~E. and others},
    title = "{Kepler Presearch Data Conditioning II - A Bayesian Approach to Systematic Error Correction}",
  journal = {\pasp},
archivePrefix = "arXiv",
   eprint = {1203.1383},
 primaryClass = "astro-ph.IM",
 keywords = {Data Analysis and Techniques},
     year = 2012,
    month = sep,
   volume = 124,
    pages = {1000-1014},
      doi = {10.1086/667697},
   adsurl = {http://adsabs.harvard.edu/abs/2012PASP..124.1000S},
  adsnote = {Provided by the SAO/NASA Astrophysics Data System}
}

@ARTICLE{Stumpe_2012,
   author = {{Stumpe}, M.~C. and {Smith}, J.~C. and {Van Cleve}, J.~E. and others},
    title = "{Kepler Presearch Data Conditioning I - Architecture and Algorithms for Error Correction in Kepler Light Curves}",
  journal = {\pasp},
archivePrefix = "arXiv",
   eprint = {1203.1382},
 primaryClass = "astro-ph.IM",
 keywords = {Data Analysis and Techniques},
     year = 2012,
    month = sep,
   volume = 124,
    pages = {985-999},
      doi = {10.1086/667698},
   adsurl = {http://adsabs.harvard.edu/abs/2012PASP..124..985S},
  adsnote = {Provided by the SAO/NASA Astrophysics Data System}
}

@ARTICLE{Aigrain_2012,
   author = {{Aigrain}, S. and {Pont}, F. and {Zucker}, S.},
    title = "{A simple method to estimate radial velocity variations due to stellar activity using photometry}",
  journal = {\mnras},
archivePrefix = "arXiv",
   eprint = {1110.1034},
 primaryClass = "astro-ph.SR",
 keywords = {methods: data analysis, techniques: photometric, techniques: radial velocities, Sun: activity, planetary systems, stars: individual: HD 189733},
     year = 2012,
    month = feb,
   volume = 419,
    pages = {3147-3158},
      doi = {10.1111/j.1365-2966.2011.19960.x},
   adsurl = {http://adsabs.harvard.edu/abs/2012MNRAS.419.3147A},
  adsnote = {Provided by the SAO/NASA Astrophysics Data System}
}


@ARTICLE{Hatzes_2013,
   author = {{Hatzes}, A.~P.},
    title = "{The Radial Velocity Detection of Earth-mass Planets in the Presence of Activity Noise: The Case of {$\alpha$} Centauri Bb}",
  journal = {\apj},
archivePrefix = "arXiv",
   eprint = {1305.4960},
 primaryClass = "astro-ph.SR",
 keywords = {planetary systems, techniques: radial velocities},
     year = 2013,
    month = jun,
   volume = 770,
      eid = {133},
    pages = {133},
      doi = {10.1088/0004-637X/770/2/133},
   adsurl = {http://adsabs.harvard.edu/abs/2013ApJ...770..133H},
  adsnote = {Provided by the SAO/NASA Astrophysics Data System}
}

@ARTICLE{Dumusque_2011,
   author = {{Dumusque}, X. and {Santos}, N.~C. and {Udry}, S. and others},
    title = "{Planetary detection limits taking into account stellar noise. II. Effect of stellar spot groups on radial-velocities}",
  journal = {\aap},
archivePrefix = "arXiv",
   eprint = {1101.0954},
 primaryClass = "astro-ph.EP",
 keywords = {stars: individual:{$\alpha$}Cen B, planetary systems, stars: activity, Sun: activity, sunspots, techniques: radial velocities},
     year = 2011,
    month = mar,
   volume = 527,
      eid = {A82},
    pages = {A82},
      doi = {10.1051/0004-6361/201015877},
   adsurl = {http://adsabs.harvard.edu/abs/2011A%26A...527A..82D},
  adsnote = {Provided by the SAO/NASA Astrophysics Data System}
}

@ARTICLE{Kraft1967,
   author = {{Kraft}, R.~P.},
    title = "{Studies of Stellar Rotation. V. The Dependence of Rotation on Age among Solar-Type Stars}",
  journal = {\apj},
     year = 1967,
    month = nov,
   volume = 150,
    pages = {551},
      doi = {10.1086/149359},
   adsurl = {http://adsabs.harvard.edu/abs/1967ApJ...150..551K},
  adsnote = {Provided by the SAO/NASA Astrophysics Data System}
}

@ARTICLE{chaplin2013,
   author = {{Chaplin}, W.~J. and {Basu}, S. and {Huber}, D. and others},
    title = "{Asteroseismic fundamental properties of solar-type stars observed by the NASA Kepler Mission}",
  journal = {ArXiv e-prints},
archivePrefix = "arXiv",
   eprint = {1310.4001},
 primaryClass = "astro-ph.SR",
 keywords = {Astrophysics - Solar and Stellar Astrophysics},
     year = 2013,
    month = oct,
   adsurl = {http://adsabs.harvard.edu/abs/2013arXiv1310.4001C},
  adsnote = {Provided by the SAO/NASA Astrophysics Data System}
}

@ARTICLE{Mamajek2008,
   author = {{Mamajek}, E.~E. and {Hillenbrand}, L.~A.},
    title = "{Improved Age Estimation for Solar-Type Dwarfs Using Activity-Rotation Diagnostics}",
  journal = {\apj},
archivePrefix = "arXiv",
   eprint = {0807.1686},
 keywords = {Stars: Activity, Stars: Chromospheres, Stars: Coronae, Stars: Fundamental Parameters, Stars: Rotation, X-Rays: Stars},
     year = 2008,
    month = nov,
   volume = 687,
    pages = {1264-1293},
      doi = {10.1086/591785},
   adsurl = {http://adsabs.harvard.edu/abs/2008ApJ...687.1264M},
  adsnote = {Provided by the SAO/NASA Astrophysics Data System}
}

@ARTICLE{vanSaders2013,
   author = {{van Saders}, J.~L. and {Pinsonneault}, M.~H.},
    title = "{Fast Star, Slow Star; Old Star, Young Star: Subgiant Rotation as a Population and Stellar Physics Diagnostic}",
  journal = {\apj},
archivePrefix = "arXiv",
   eprint = {1306.3701},
 primaryClass = "astro-ph.SR",
 keywords = {stars: evolution, stars: fundamental parameters, stars: interiors, stars: rotation},
     year = 2013,
    month = oct,
   volume = 776,
      eid = {67},
    pages = {67},
      doi = {10.1088/0004-637X/776/2/67},
   adsurl = {http://adsabs.harvard.edu/abs/2013ApJ...776...67V},
  adsnote = {Provided by the SAO/NASA Astrophysics Data System}
}

@ARTICLE{Hogg_2010,
   author = {{Hogg}, D.~W. and {Bovy}, J. and {Lang}, D.},
    title = "{Data analysis recipes: Fitting a model to data}",
  journal = {ArXiv e-prints},
archivePrefix = "arXiv",
   eprint = {1008.4686},
 primaryClass = "astro-ph.IM",
 keywords = {Astrophysics - Instrumentation and Methods for Astrophysics, Physics - Data Analysis, Statistics and Probability},
     year = 2010,
    month = aug,
   adsurl = {http://adsabs.harvard.edu/abs/2010arXiv1008.4686H},
  adsnote = {Provided by the SAO/NASA Astrophysics Data System}
}

@ARTICLE{Foreman-Mackey2013,
   author = {{Foreman-Mackey}, D. and {Hogg}, D.~W. and {Lang}, D. and others},
    title = "{emcee: The MCMC Hammer}",
  journal = {\pasp},
archivePrefix = "arXiv",
   eprint = {1202.3665},
 primaryClass = "astro-ph.IM",
 keywords = {Data Analysis and Techniques},
     year = 2013,
    month = mar,
   volume = 125,
    pages = {306-312},
      doi = {10.1086/670067},
   adsurl = {http://adsabs.harvard.edu/abs/2013PASP..125..306F},
  adsnote = {Provided by the SAO/NASA Astrophysics Data System}
}

@ARTICLE{Hogg2010,
   author = {{Hogg}, D.~W. and {Myers}, A.~D. and {Bovy}, J.},
    title = "{Inferring the Eccentricity Distribution}",
  journal = {\apj},
archivePrefix = "arXiv",
   eprint = {1008.4146},
 primaryClass = "astro-ph.SR",
 keywords = {binaries: general, methods: data analysis, methods: statistical, planetary systems, planets and satellites: fundamental parameters, stars: kinematics and dynamics},
     year = 2010,
    month = dec,
   volume = 725,
    pages = {2166-2175},
      doi = {10.1088/0004-637X/725/2/2166},
   adsurl = {http://adsabs.harvard.edu/abs/2010ApJ...725.2166H},
  adsnote = {Provided by the SAO/NASA Astrophysics Data System}
}

@ARTICLE{Radick1987,
   author = {{Radick}, R.~R. and {Thompson}, D.~T. and {Lockwood}, G.~W. and others},
    title = "{The activity, variability, and rotation of lower main-sequence Hyades stars}",
  journal = {\apj},
 keywords = {Late Stars, Main Sequence Stars, Stellar Activity, Stellar Rotation, Variable Stars, Calcium, Emission Spectra, Potassium, Stellar Spectra, Stellar Spectrophotometry},
     year = 1987,
    month = oct,
   volume = 321,
    pages = {459-472},
      doi = {10.1086/165645},
   adsurl = {http://adsabs.harvard.edu/abs/1987ApJ...321..459R},
  adsnote = {Provided by the SAO/NASA Astrophysics Data System}
}

@ARTICLE{Meibom2011,
   author = {{Meibom}, S. and {Barnes}, S.~A. and {Latham}, D.~W. and others},
    title = "{The Kepler Cluster Study: Stellar Rotation in NGC 6811}",
  journal = {\apjl},
archivePrefix = "arXiv",
   eprint = {1104.2912},
 primaryClass = "astro-ph.SR",
 keywords = {open clusters and associations: individual: NGC 6811, stars: activity, stars: late-type, starspots, stars: rotation},
     year = 2011,
    month = may,
   volume = 733,
      eid = {L9},
    pages = {L9},
      doi = {10.1088/2041-8205/733/1/L9},
   adsurl = {http://adsabs.harvard.edu/abs/2011ApJ...733L...9M},
  adsnote = {Provided by the SAO/NASA Astrophysics Data System}
}

@ARTICLE{garcia2014,
   author = {{Garc{\'{\i}}a}, R.~A. and {Ceillier}, T. and {Salabert}, D. and others},
    title = "{Rotation and magnetism of Kepler pulsating solar-like stars. Towards asteroseismically calibrated age-rotation relations}",
  journal = {\aap},
archivePrefix = "arXiv",
   eprint = {1403.7155},
 primaryClass = "astro-ph.SR",
 keywords = {asteroseismology, stars: activity, stars: rotation, stars: solar-type, stars: evolution, stars: oscillations},
     year = 2014,
    month = dec,
   volume = 572,
      eid = {A34},
    pages = {A34},
      doi = {10.1051/0004-6361/201423888},
   adsurl = {http://adsabs.harvard.edu/abs/2014A%26A...572A..34G},
  adsnote = {Provided by the SAO/NASA Astrophysics Data System}
}

@ARTICLE{Weber1967,
   author = {{Weber}, E.~J. and {Davis}, Jr., L.},
    title = "{The Angular Momentum of the Solar Wind}",
  journal = {\apj},
     year = 1967,
    month = apr,
   volume = 148,
    pages = {217-227},
      doi = {10.1086/149138},
   adsurl = {http://adsabs.harvard.edu/abs/1967ApJ...148..217W},
  adsnote = {Provided by the SAO/NASA Astrophysics Data System}
}

@ARTICLE{McQuillan_2014,
   author = {{McQuillan}, A. and {Mazeh}, T. and {Aigrain}, S.},
    title = "{Rotation Periods of 34,030 Kepler Main-sequence Stars: The Full Autocorrelation Sample}",
  journal = {\apjs},
archivePrefix = "arXiv",
   eprint = {1402.5694},
 primaryClass = "astro-ph.SR",
 keywords = {catalogs, methods: data analysis, methods: observational, stars: activity, stars: low-mass, stars: rotation, techniques: photometric},
     year = 2014,
    month = apr,
   volume = 211,
      eid = {24},
    pages = {24},
      doi = {10.1088/0067-0049/211/2/24},
   adsurl = {http://adsabs.harvard.edu/abs/2014ApJS..211...24M},
  adsnote = {Provided by the SAO/NASA Astrophysics Data System}
}

@ARTICLE{Metcalfe2012,
   author = {{Metcalfe}, T.~S. and {Chaplin}, W.~J. and {Appourchaux}, T. and others},
    title = "{Asteroseismology of the Solar Analogs 16 Cyg A and B from Kepler Observations}",
  journal = {\apjl},
archivePrefix = "arXiv",
   eprint = {1201.5966},
 primaryClass = "astro-ph.SR",
 keywords = {stars: fundamental parameters, stars: individual: HD 186408 HD 186427, stars: interiors, stars: oscillations, stars: solar-type},
     year = 2012,
    month = mar,
   volume = 748,
      eid = {L10},
    pages = {L10},
      doi = {10.1088/2041-8205/748/1/L10},
   adsurl = {http://adsabs.harvard.edu/abs/2012ApJ...748L..10M},
  adsnote = {Provided by the SAO/NASA Astrophysics Data System}
}

@ARTICLE{Ramirez2009,
   author = {{Ram{\'{\i}}rez}, I. and {Mel{\'e}ndez}, J. and {Asplund}, M.
	},
    title = "{Accurate abundance patterns of solar twins and analogs. Does the anomalous solar chemical composition come from planet formation?}",
  journal = {\aap},
 keywords = {stars: abundances, Sun: abundances, planetary systems},
     year = 2009,
    month = dec,
   volume = 508,
    pages = {L17-L20},
      doi = {10.1051/0004-6361/200913038},
   adsurl = {http://adsabs.harvard.edu/abs/2009A%26A...508L..17R},
  adsnote = {Provided by the SAO/NASA Astrophysics Data System}
}

@ARTICLE{Henry2000,
   author = {{Henry}, G.~W. and {Baliunas}, S.~L. and {Donahue}, R.~A. and others},
    title = "{Photometric and Ca II H and K Spectroscopic Variations in Nearby Sun-like Stars with Planets. III.}",
  journal = {\apj},
 keywords = {STARS: PLANETARY SYSTEMS, STARS: ACTIVITY, STARS: LATE-TYPE, TECHNIQUES: PHOTOMETRIC, TECHNIQUES: SPECTROSCOPIC},
     year = 2000,
    month = mar,
   volume = 531,
    pages = {415-437},
      doi = {10.1086/308466},
   adsurl = {http://adsabs.harvard.edu/abs/2000ApJ...531..415H},
  adsnote = {Provided by the SAO/NASA Astrophysics Data System}
}

@ARTICLE{Bazot2012,
   author = {{Bazot}, M. and {Bourguignon}, S. and {Christensen-Dalsgaard}, J.
	},
    title = "{A Bayesian approach to the modelling of {$\alpha$} Cen A}",
  journal = {\mnras},
archivePrefix = "arXiv",
   eprint = {1209.0222},
 primaryClass = "astro-ph.SR",
 keywords = {methods: numerical, methods: statistical, stars: evolution, stars: fundamental parameters, stars: individual: {$\alpha$} Cen A, stars: oscillations},
     year = 2012,
    month = dec,
   volume = 427,
    pages = {1847-1866},
      doi = {10.1111/j.1365-2966.2012.21818.x},
   adsurl = {http://adsabs.harvard.edu/abs/2012MNRAS.427.1847B},
  adsnote = {Provided by the SAO/NASA Astrophysics Data System}
}

@ARTICLE{Yildiz2007,
   author = {{Y{\i}ld{\i}z}, M.},
    title = "{Models of {$\alpha$} Centauri A and B with and without seismic constraints: time dependence of the mixing-length parameter}",
  journal = {\mnras},
   eprint = {astro-ph/0611733},
 keywords = {stars: abundances, binaries: visual, stars: evolution, stars: individual: {$\alpha$} Centauri, stars: interiors, stars: oscillations},
     year = 2007,
    month = feb,
   volume = 374,
    pages = {1264-1270},
      doi = {10.1111/j.1365-2966.2006.11218.x},
   adsurl = {http://adsabs.harvard.edu/abs/2007MNRAS.374.1264Y},
  adsnote = {Provided by the SAO/NASA Astrophysics Data System}
}

@ARTICLE{Hallam1991,
   author = {{Hallam}, K.~L. and {Altner}, B. and {Endal}, A.~S.},
    title = "{Rotational modulation in IUE spectra of cool dwarf chromospheres. I - Data analysis and period search techniques}",
  journal = {\apj},
 keywords = {Chromosphere, Cool Stars, Dwarf Stars, Stellar Atmospheres, Stellar Rotation, Stellar Spectra, Emission Spectra, Iue, Light Curve, Magnesium, Time Series Analysis},
     year = 1991,
    month = may,
   volume = 372,
    pages = {610-632},
      doi = {10.1086/170005},
   adsurl = {http://adsabs.harvard.edu/abs/1991ApJ...372..610H},
  adsnote = {Provided by the SAO/NASA Astrophysics Data System}
}

@ARTICLE{Mermilliod1986,
   author = {{Mermilliod}, J.-C.},
    title = "{Compilation of Eggen's UBV data, transformed to UBV (unpublished)}",
  journal = {Catalogue of Eggen's UBV data., 0 (1986)},
     year = 1986,
    pages = {0},
   adsurl = {http://adsabs.harvard.edu/abs/1986EgUBV........0M},
  adsnote = {Provided by the SAO/NASA Astrophysics Data System}
}

@ARTICLE{Dumusque2012,
   author = {{Dumusque}, X. and {Pepe}, F. and {Lovis}, C. and others},
    title = "{An Earth-mass planet orbiting {$\alpha$} Centauri B}",
  journal = {\nat},
     year = 2012,
    month = nov,
   volume = 491,
    pages = {207-211},
      doi = {10.1038/nature11572},
   adsurl = {http://adsabs.harvard.edu/abs/2012Natur.491..207D},
  adsnote = {Provided by the SAO/NASA Astrophysics Data System}
}

@ARTICLE{Bouvier2010,
   author = {{Bouvier}, A. and {Wadhwa}, M.},
    title = "{The age of the Solar System redefined by the oldest Pb-Pb age of a meteoritic inclusion}",
  journal = {Nature Geoscience},
     year = 2010,
    month = sep,
   volume = 3,
    pages = {637-641},
      doi = {10.1038/ngeo941},
   adsurl = {http://adsabs.harvard.edu/abs/2010NatGe...3..637B},
  adsnote = {Provided by the SAO/NASA Astrophysics Data System}
}

@ARTICLE{Donahue1996,
   author = {{Donahue}, R.~A. and {Saar}, S.~H. and {Baliunas}, S.~L.},
    title = "{A Relationship between Mean Rotation Period in Lower Main-Sequence Stars and Its Observed Range}",
  journal = {\apj},
 keywords = {STARS: ACTIVITY, STARS: CHROMOSPHERES, STARS: LATE-TYPE, STARS: ROTATION},
     year = 1996,
    month = jul,
   volume = 466,
    pages = {384},
      doi = {10.1086/177517},
   adsurl = {http://adsabs.harvard.edu/abs/1996ApJ...466..384D},
  adsnote = {Provided by the SAO/NASA Astrophysics Data System}
}

@ARTICLE{Li2012,
   author = {{Li}, T.~D. and {Bi}, S.~L. and {Liu}, K. and others},
    title = "{Stellar parameters and seismological analysis of the star 18 Scorpii}",
  journal = {\aap},
 keywords = {stars: individual: 18 Scorpii, stars: evolution, stars: rotation, stars: oscillations, stars: solar-type},
     year = 2012,
    month = oct,
   volume = 546,
      eid = {A83},
    pages = {A83},
      doi = {10.1051/0004-6361/201219063},
   adsurl = {http://adsabs.harvard.edu/abs/2012A%26A...546A..83L},
  adsnote = {Provided by the SAO/NASA Astrophysics Data System}
}

@ARTICLE{Petit2008,
   author = {{Petit}, P. and {Dintrans}, B. and {Solanki}, S.~K. and others},
    title = "{Toroidal versus poloidal magnetic fields in Sun-like stars: a rotation threshold}",
  journal = {\mnras},
archivePrefix = "arXiv",
   eprint = {0804.1290},
 keywords = {stars: individual: HD 73350 , stars: individual: HD 76151 , stars: individual: HD 146233 , stars: individual: HD 190771 , stars: magnetic fields , stars: rotation},
     year = 2008,
    month = jul,
   volume = 388,
    pages = {80-88},
      doi = {10.1111/j.1365-2966.2008.13411.x},
   adsurl = {http://adsabs.harvard.edu/abs/2008MNRAS.388...80P},
  adsnote = {Provided by the SAO/NASA Astrophysics Data System}
}

@ARTICLE{Moffett1979,
   author = {{Moffett}, T.~J. and {Barnes}, III, T.~G.},
    title = "{Secondary standards for BVRI photometry}",
  journal = {\pasp},
 keywords = {Astronomical Photometry, Pulsed Radiation, Radiation Measuring Instruments, Standards, Stellar Radiation, Counting Circuits, Interstellar Extinction, Telescopes},
     year = 1979,
    month = apr,
   volume = 91,
    pages = {180-192},
      doi = {10.1086/130468},
   adsurl = {http://cdsads.u-strasbg.fr/abs/1979PASP...91..180M},
  adsnote = {Provided by the SAO/NASA Astrophysics Data System}
}

@ARTICLE{Metcalfe2014,
   author = {{Metcalfe}, T.~S. and {Creevey}, O.~L. and {Dogan}, G. and others},
    title = "{Properties of 42 Solar-type Kepler Targets from the Asteroseismic Modeling Portal}",
  journal = {ArXiv e-prints},
archivePrefix = "arXiv",
   eprint = {1402.3614},
 primaryClass = "astro-ph.SR",
 keywords = {Astrophysics - Solar and Stellar Astrophysics},
     year = 2014,
    month = feb,
   adsurl = {http://adsabs.harvard.edu/abs/2014arXiv1402.3614M},
  adsnote = {Provided by the SAO/NASA Astrophysics Data System}
}

@ARTICLE{Bruntt2012,
   author = {{Bruntt}, H. and {Basu}, S. and {Smalley}, B. and others},
    title = "{Accurate fundamental parameters and detailed abundance patterns from spectroscopy of 93 solar-type Kepler targets}",
  journal = {\mnras},
archivePrefix = "arXiv",
   eprint = {1203.0611},
 primaryClass = "astro-ph.SR",
 keywords = {stars: abundances, stars: atmospheres, stars: fundamental parameters, stars: solar-type},
     year = 2012,
    month = jun,
   volume = 423,
    pages = {122-131},
      doi = {10.1111/j.1365-2966.2012.20686.x},
   adsurl = {http://adsabs.harvard.edu/abs/2012MNRAS.423..122B},
  adsnote = {Provided by the SAO/NASA Astrophysics Data System}
}

@ARTICLE{Casagrande2010,
   author = {{Casagrande}, L. and {Ram{\'{\i}}rez}, I. and {Mel{\'e}ndez}, J. and others},
    title = "{An absolutely calibrated T$_{eff}$ scale from the infrared flux method. Dwarfs and subgiants}",
  journal = {\aap},
archivePrefix = "arXiv",
   eprint = {1001.3142},
 primaryClass = "astro-ph.SR",
 keywords = {stars: fundamental parameters, stars: abundances, stars: atmospheres, infrared: stars, techniques: photometric},
     year = 2010,
    month = mar,
   volume = 512,
      eid = {A54},
    pages = {A54},
      doi = {10.1051/0004-6361/200913204},
   adsurl = {http://adsabs.harvard.edu/abs/2010A%26A...512A..54C},
  adsnote = {Provided by the SAO/NASA Astrophysics Data System}
}

@ARTICLE{SilvaAguirre2012,
   author = {{Silva Aguirre}, V. and {Casagrande}, L. and {Basu}, S. and others},
    title = "{Verifying Asteroseismically Determined Parameters of Kepler Stars Using Hipparcos Parallaxes: Self-consistent Stellar Properties and Distances}",
  journal = {\apj},
archivePrefix = "arXiv",
   eprint = {1208.6294},
 primaryClass = "astro-ph.SR",
 keywords = {asteroseismology, parallaxes, stars: distances, stars: fundamental parameters, stars: oscillations},
     year = 2012,
    month = sep,
   volume = 757,
      eid = {99},
    pages = {99},
      doi = {10.1088/0004-637X/757/1/99},
   adsurl = {http://adsabs.harvard.edu/abs/2012ApJ...757...99S},
  adsnote = {Provided by the SAO/NASA Astrophysics Data System}
}

@ARTICLE{Pinsonneault2012,
   author = {{Pinsonneault}, M.~H. and {An}, D. and {Molenda-Zakowicz}, J. and others},
    title = "{Effective temperature scale for KIC stars (Pinsonneault+, 2012)}",
  journal = {VizieR Online Data Catalog},
 keywords = {Effective temperatures, Abundances: [Fe/H], Stars: double and multiple},
     year = 2012,
    month = jun,
   volume = 219,
    pages = {90030},
   adsurl = {http://adsabs.harvard.edu/abs/2012yCat..21990030P},
  adsnote = {Provided by the SAO/NASA Astrophysics Data System}
}

@ARTICLE{Demarque2004,
   author = {{Demarque}, P. and {Woo}, J.-H. and {Kim}, Y.-C. and others},
    title = "{Y$^{2}$ Isochrones with an Improved Core Overshoot Treatment}",
  journal = {\apjs},
 keywords = {Convection, Stars: Evolution, Stars: Interiors},
     year = 2004,
    month = dec,
   volume = 155,
    pages = {667-674},
      doi = {10.1086/424966},
   adsurl = {http://adsabs.harvard.edu/abs/2004ApJS..155..667D},
  adsnote = {Provided by the SAO/NASA Astrophysics Data System}
}

@ARTICLE{Perryman1998,
   author = {{Perryman}, M.~A.~C. and {Brown}, A.~G.~A. and {Lebreton}, Y. and others},
    title = "{The Hyades: distance, structure, dynamics, and age}",
  journal = {\aap},
   eprint = {astro-ph/9707253},
 keywords = {ASTROMETRY, PARALLAXES, HR DIAGRAM, HYADES, DISTANCE SCALE},
     year = 1998,
    month = mar,
   volume = 331,
    pages = {81-120},
   adsurl = {http://adsabs.harvard.edu/abs/1998A%26A...331...81P},
  adsnote = {Provided by the SAO/NASA Astrophysics Data System}
}

@ARTICLE{Janes2011,
   author = {{Janes}, K.~A. and {Hoq}, S.},
    title = "{A Quantitative Analysis of Distant Open Clusters}",
  journal = {\aj},
 keywords = {Hertzsprung-Russell and C-M diagrams, open clusters and associations: general, open clusters and associations: individual: Berkeley 19 Berkeley 44 King 25 NGC 6802 NGC 6827 Berkeley 52 Berkeley 56 NGC 7142 NGC 7245 King 9, techniques: photometric},
     year = 2011,
    month = mar,
   volume = 141,
      eid = {92},
    pages = {92},
      doi = {10.1088/0004-6256/141/3/92},
   adsurl = {http://adsabs.harvard.edu/abs/2011AJ....141...92J},
  adsnote = {Provided by the SAO/NASA Astrophysics Data System}
}

@ARTICLE{Kovacs2014,
   author = {{Kov{\'a}cs}, G. and {Hartman}, J.~D. and {Bakos}, G.~{\'A}. and others},
    title = "{Stellar rotational periods in the planet hosting open cluster Praesepe}",
  journal = {\mnras},
archivePrefix = "arXiv",
   eprint = {1405.3728},
 primaryClass = "astro-ph.SR",
 keywords = {planetary systems, stars: rotation, starspots, stars: variables: {$\delta$} Scuti, open clusters and associations: individual: Praesepe},
     year = 2014,
    month = aug,
   volume = 442,
    pages = {2081-2093},
      doi = {10.1093/mnras/stu946},
   adsurl = {http://adsabs.harvard.edu/abs/2014MNRAS.442.2081K},
  adsnote = {Provided by the SAO/NASA Astrophysics Data System}
}

@ARTICLE{Khalaj2013,
   author = {{Khalaj}, P. and {Baumgardt}, H.},
    title = "{The stellar mass function, binary content and radial structure of the open cluster Praesepe derived from PPMXL and SDSS data}",
  journal = {\mnras},
archivePrefix = "arXiv",
   eprint = {1307.2020},
 primaryClass = "astro-ph.GA",
 keywords = {stars: luminosity function, mass function, open clusters and associations: individual: Praesepe},
     year = 2013,
    month = oct,
   volume = 434,
    pages = {3236-3245},
      doi = {10.1093/mnras/stt1239},
   adsurl = {http://adsabs.harvard.edu/abs/2013MNRAS.434.3236K},
  adsnote = {Provided by the SAO/NASA Astrophysics Data System}
}

@ARTICLE{Sekiguchi2000,
   author = {{Sekiguchi}, M. and {Fukugita}, M.},
    title = "{A Study of the B-V Color-Temperature Relation}",
  journal = {\aj},
   eprint = {astro-ph/9904299},
 keywords = {Stars: Color-Magnitude Diagrams, Stars: Atmospheres, Stars: Chromospheres},
     year = 2000,
    month = aug,
   volume = 120,
    pages = {1072-1084},
      doi = {10.1086/301490},
   adsurl = {http://adsabs.harvard.edu/abs/2000AJ....120.1072S},
  adsnote = {Provided by the SAO/NASA Astrophysics Data System}
}

@ARTICLE{Foreman-Mackey_triangle,
      author        = "Dan Foreman-Mackey and Adrian Price-Whelan and Geoffrey
                       Ryan and others",
      title         = "{A citable release}",
      month         = "Jun",
      year          = "2014",
      doi           = "{10.5281/zenodo.10598}",
      url           = "{http://dx.doi.org/10.5281/zenodo.10598}",
}

@ARTICLE{Appourchaux2012,
   author = {{Appourchaux}, T. and {Chaplin}, W.~J. and {Garc{\'{\i}}a}, R.~A. and others},
    title = "{Oscillation mode frequencies of 61 main-sequence and subgiant stars observed by Kepler}",
  journal = {\aap},
archivePrefix = "arXiv",
   eprint = {1204.3147},
 primaryClass = "astro-ph.SR",
 keywords = {asteroseismology, stars: solar-type, stars: oscillations},
     year = 2012,
    month = jul,
   volume = 543,
      eid = {A54},
    pages = {A54},
      doi = {10.1051/0004-6361/201218948},
   adsurl = {http://adsabs.harvard.edu/abs/2012A%26A...543A..54A},
  adsnote = {Provided by the SAO/NASA Astrophysics Data System}
}

@INPROCEEDINGS{Barnes2011,
   author = {{Barnes}, S.~A.},
    title = "{A nonlinear model for rotating cool stars}",
 keywords = {Convection, methods: analytical, stars: evolution, stars: late-type, stars: rotation},
booktitle = {IAU Symposium},
     year = 2011,
   series = {IAU Symposium},
   volume = 273,
   editor = {{Prasad Choudhary}, D. and {Strassmeier}, K.~G.},
    month = aug,
    pages = {465-468},
      doi = {10.1017/S174392131101578X},
   adsurl = {http://adsabs.harvard.edu/abs/2011IAUS..273..465B},
  adsnote = {Provided by the SAO/NASA Astrophysics Data System}
}

@ARTICLE{Barnes2010,
   author = {{Barnes}, S.~A.},
    title = "{A Simple Nonlinear Model for the Rotation of Main-sequence Cool Stars. I. Introduction, Implications for Gyrochronology, and Color-Period Diagrams}",
  journal = {\apj},
 keywords = {convection, methods: analytical, open clusters and associations: general, stars: evolution, stars: late-type, stars: rotation},
     year = 2010,
    month = oct,
   volume = 722,
    pages = {222-234},
      doi = {10.1088/0004-637X/722/1/222},
   adsurl = {http://adsabs.harvard.edu/abs/2010ApJ...722..222B},
  adsnote = {Provided by the SAO/NASA Astrophysics Data System}
}

@ARTICLE{Brown1994,
   author = {{Brown}, T.~M. and {Gilliland}, R.~L.},
    title = "{Asteroseismology}",
  journal = {\araa},
     year = 1994,
   volume = 32,
    pages = {37-82},
      doi = {10.1146/annurev.aa.32.090194.000345},
   adsurl = {http://adsabs.harvard.edu/abs/1994ARA%26A..32...37B},
  adsnote = {Provided by the SAO/NASA Astrophysics Data System}
}

@ARTICLE{SilvaAguirre2013,
   author = {{Silva Aguirre}, V. and {Basu}, S. and {Brand{\~a}o}, I.~M. and others},
    title = "{Stellar Ages and Convective Cores in Field Main-sequence Stars: First Asteroseismic Application to Two Kepler Targets}",
  journal = {\apj},
archivePrefix = "arXiv",
   eprint = {1304.2772},
 primaryClass = "astro-ph.SR",
 keywords = {asteroseismology, stars: fundamental parameters, stars: interiors, stars: oscillations },
     year = 2013,
    month = jun,
   volume = 769,
      eid = {141},
    pages = {141},
      doi = {10.1088/0004-637X/769/2/141},
   adsurl = {http://adsabs.harvard.edu/abs/2013ApJ...769..141S},
  adsnote = {Provided by the SAO/NASA Astrophysics Data System}
}

@ARTICLE{Noyes1984,
   author = {{Noyes}, R.~W. and {Weiss}, N.~O. and {Vaughan}, A.~H.},
    title = "{The relation between stellar rotation rate and activity cycle periods}",
  journal = {\apj},
 keywords = {Angular Velocity, Dynamo Theory, Main Sequence Stars, Periodic Variations, Stellar Activity, Stellar Rotation, Stellar Spectra, Chromosphere, Data Correlation, Stellar Atmospheres, Stellar Magnetic Fields, Stellar Models},
     year = 1984,
    month = dec,
   volume = 287,
    pages = {769-773},
      doi = {10.1086/162735},
   adsurl = {http://adsabs.harvard.edu/abs/1984ApJ...287..769N},
  adsnote = {Provided by the SAO/NASA Astrophysics Data System}
}

@ARTICLE{Montesinos2001,
   author = {{Montesinos}, B. and {Thomas}, J.~H. and {Ventura}, P. and others},
    title = "{A new look at the relationship between activity, dynamo number and Rossby number in late-type stars}",
  journal = {\mnras},
 keywords = {CONVECTION, STARS: ACTIVITY, STARS: CHROMOSPHERES, STARS: ROTATION},
     year = 2001,
    month = sep,
   volume = 326,
    pages = {877-884},
      doi = {10.1046/j.1365-8711.2001.04476.x},
   adsurl = {http://adsabs.harvard.edu/abs/2001MNRAS.326..877M},
  adsnote = {Provided by the SAO/NASA Astrophysics Data System}
}

@ARTICLE{Kawaler1988,
   author = {{Kawaler}, S.~D.},
    title = "{Angular momentum loss in low-mass stars}",
  journal = {\apj},
 keywords = {Angular Momentum, Stellar Mass Ejection, Stellar Models, Stellar Rotation, Stellar Winds, Pre-Main Sequence Stars, Stellar Evolution, Stellar Interiors, Stellar Magnetic Fields},
     year = 1988,
    month = oct,
   volume = 333,
    pages = {236-247},
      doi = {10.1086/166740},
   adsurl = {http://adsabs.harvard.edu/abs/1988ApJ...333..236K},
  adsnote = {Provided by the SAO/NASA Astrophysics Data System}
}

@ARTICLE{Roberts2013,
   author = {{Roberts}, S. and {McQuillan}, A. and {Reece}, S. and others},
    title = "{Astrophysically robust systematics removal using variational inference: application to the first month of Kepler data}",
  journal = {\mnras},
archivePrefix = "arXiv",
   eprint = {1308.3644},
 primaryClass = "astro-ph.IM",
 keywords = {methods: data analysis, techniques: photometric},
     year = 2013,
    month = nov,
   volume = 435,
    pages = {3639-3653},
      doi = {10.1093/mnras/stt1555},
   adsurl = {http://adsabs.harvard.edu/abs/2013MNRAS.435.3639R},
  adsnote = {Provided by the SAO/NASA Astrophysics Data System}
}

@ARTICLE{Poppenhaeger2014,
   author = {{Poppenhaeger}, K. and {Wolk}, S.~J.},
    title = "{Indications for an influence of hot Jupiters on the rotation and activity of their host stars}",
  journal = {\aap},
archivePrefix = "arXiv",
   eprint = {1404.1073},
 primaryClass = "astro-ph.SR",
 keywords = {stars: activity, stars: coronae, planet-star interactions, X-rays: stars, binaries: general},
     year = 2014,
    month = may,
   volume = 565,
      eid = {L1},
    pages = {L1},
      doi = {10.1051/0004-6361/201423454},
   adsurl = {http://adsabs.harvard.edu/abs/2014A%26A...565L...1P},
  adsnote = {Provided by the SAO/NASA Astrophysics Data System}
}

@ARTICLE{Beky2014,
   author = {{B{\'e}ky}, B. and {Holman}, M.~J. and {Kipping}, D.~M. and others},
    title = "{Stellar Rotation-Planetary Orbit Period Commensurability in the HAT-P-11 System}",
  journal = {\apj},
archivePrefix = "arXiv",
   eprint = {1403.7526},
 primaryClass = "astro-ph.SR",
 keywords = {stars: activity, stars: individual: HAT-P-11 Kepler-17, stars: rotation},
     year = 2014,
    month = jun,
   volume = 788,
      eid = {1},
    pages = {1},
      doi = {10.1088/0004-637X/788/1/1},
   adsurl = {http://adsabs.harvard.edu/abs/2014ApJ...788....1B},
  adsnote = {Provided by the SAO/NASA Astrophysics Data System}
}

@ARTICLE{Prosser1995,
   author = {{Prosser}, C.~F. and {Shetrone}, M.~D. and {Dasgupta}, A. and others},
    title = "{Rotation periods of open-cluster stars, 3}",
  journal = {\pasp},
 keywords = {Dwarf Stars, G Stars, K Stars, Open Clusters, Stellar Rotation, Stellar Spectrophotometry, X Ray Astronomy, X Ray Spectra, Angular Velocity, Color-Color Diagram, Data Correlation, Data Reduction, Light Curve, T Tauri Stars},
     year = 1995,
    month = mar,
   volume = 107,
    pages = {211-218},
      doi = {10.1086/133541},
   adsurl = {http://adsabs.harvard.edu/abs/1995PASP..107..211P},
  adsnote = {Provided by the SAO/NASA Astrophysics Data System}
}

@ARTICLE{Meibom2011_M34,
   author = {{Meibom}, S. and {Mathieu}, R.~D. and {Stassun}, K.~G. and others},
    title = "{The Color-period Diagram and Stellar Rotational Evolution --- New Rotation Period Measurements in the Open Cluster M34}",
  journal = {\apj},
archivePrefix = "arXiv",
   eprint = {1103.5171},
 primaryClass = "astro-ph.SR",
 keywords = {open clusters and associations: individual: M34, stars: activity, stars: late-type, stars: rotation, starspots},
     year = 2011,
    month = jun,
   volume = 733,
      eid = {115},
    pages = {115},
      doi = {10.1088/0004-637X/733/2/115},
   adsurl = {http://adsabs.harvard.edu/abs/2011ApJ...733..115M},
  adsnote = {Provided by the SAO/NASA Astrophysics Data System}
}

@ARTICLE{Jones1996,
   author = {{Jones}, B.~F. and {Prosser}, C.~F.},
    title = "{Membership of Stars in NGC 1039 (M34)}",
  journal = {\aj},
 keywords = {OPEN CLUSTERS AND ASSOCIATIONS: INDIVIDUAL: NGC 1039},
     year = 1996,
    month = mar,
   volume = 111,
    pages = {1193},
      doi = {10.1086/117865},
   adsurl = {http://adsabs.harvard.edu/abs/1996AJ....111.1193J},
  adsnote = {Provided by the SAO/NASA Astrophysics Data System}
}

@ARTICLE{Hartman2010,
   author = {{Hartman}, J.~D. and {Bakos}, G.~{\'A}. and {Kov{\'a}cs}, G. and others},
    title = "{A large sample of photometric rotation periods for FGK Pleiades stars}",
  journal = {\mnras},
 keywords = {techniques: photometric, catalogues, stars: late-type, stars: rotation, starspots, open clusters and associations: individual: Pleiades},
     year = 2010,
    month = oct,
   volume = 408,
    pages = {475-489},
      doi = {10.1111/j.1365-2966.2010.17147.x},
   adsurl = {http://adsabs.harvard.edu/abs/2010MNRAS.408..475H},
  adsnote = {Provided by the SAO/NASA Astrophysics Data System}
}

@ARTICLE{Soderblom2009,
   author = {{Soderblom}, D.~R. and {Laskar}, T. and {Valenti}, J.~A. and others},
    title = "{The Metallicity of the Pleiades}",
  journal = {\aj},
archivePrefix = "arXiv",
   eprint = {0909.0511},
 primaryClass = "astro-ph.SR",
 keywords = {open clusters and associations: individual: Pleiades, stars: abundances},
     year = 2009,
    month = nov,
   volume = 138,
    pages = {1292-1295},
      doi = {10.1088/0004-6256/138/5/1292},
   adsurl = {http://adsabs.harvard.edu/abs/2009AJ....138.1292S},
  adsnote = {Provided by the SAO/NASA Astrophysics Data System}
}

@ARTICLE{CollierCameron2009,
   author = {{Collier Cameron}, A. and {Davidson}, V.~A. and {Hebb}, L. and others},
    title = "{The main-sequence rotation-colour relation in the Coma Berenices open cluster}",
  journal = {\mnras},
archivePrefix = "arXiv",
   eprint = {0908.0189},
 primaryClass = "astro-ph.SR",
 keywords = {methods: data analysis , techniques: photometric , stars: activity , stars: rotation , open clusters and associations: individual: Melotte 111},
     year = 2009,
    month = nov,
   volume = 400,
    pages = {451-462},
      doi = {10.1111/j.1365-2966.2009.15476.x},
   adsurl = {http://adsabs.harvard.edu/abs/2009MNRAS.400..451C},
  adsnote = {Provided by the SAO/NASA Astrophysics Data System}
}

@ARTICLE{Dobbie2009,
   author = {{Dobbie}, P.~D. and {Casewell}, S.~L. and {Burleigh}, M.~R. and others},
    title = "{A massive white dwarf member of the Coma Berenices open cluster}",
  journal = {\mnras},
archivePrefix = "arXiv",
   eprint = {0902.4261},
 primaryClass = "astro-ph.SR",
 keywords = {white dwarfs , open clusters and associations: individual: Melotte111 , open clusters and associations: individual: Coma Berenices},
     year = 2009,
    month = may,
   volume = 395,
    pages = {1591-1598},
      doi = {10.1111/j.1365-2966.2009.14645.x},
   adsurl = {http://adsabs.harvard.edu/abs/2009MNRAS.395.1591D},
  adsnote = {Provided by the SAO/NASA Astrophysics Data System}
}

@PROCEEDINGS{Perryman1997,
    title = "{The HIPPARCOS and TYCHO catalogues. Astrometric and photometric star catalogues derived from the ESA HIPPARCOS Space Astrometry Mission}",
 keywords = {SPACE ASTROMETRY, STAR CATALOGS, POSITIONS, ARTIFICIAL SATELLITES},
booktitle = {ESA Special Publication},
     year = 1997,
   series = {ESA Special Publication},
   volume = 1200,
   editor = {{Perryman}, M.~A.~C. and {ESA}},
   adsurl = {http://adsabs.harvard.edu/abs/1997ESASP1200.....P},
  adsnote = {Provided by the SAO/NASA Astrophysics Data System}
}

@BOOK{Hoffleit1991,
   author = {{Hoffleit}, D. and {Jaschek}, C.~|.},
    title = "{The Bright star catalogue}",
 keywords = {HIGH LUMINOSITY STARS, STAR CATALOGS},
booktitle = {New Haven, Conn.: Yale University Observatory, |c1991, 5th rev.ed., edited by Hoffleit, Dorrit; Jaschek, Carlos |v(coll.)},
     year = 1991,
   adsurl = {http://adsabs.harvard.edu/abs/1991bsc..book.....H},
  adsnote = {Provided by the SAO/NASA Astrophysics Data System}
}

@ARTICLE{Mermilliod1991,
	author = {{Mermilliod}, J. C.},
	title = "{Catalogue of Homogeneous Means in the UBV System, CDS database II/168, http://vizier.cfa.harvard.edu/viz-bini/Cat?II/168}",
	year = 1991,
}

@ARTICLE{Cox2000,
   author = {{Cox}, A.~N. and {Pilachowski}, C.~A.},
    title = "{Allen's Astrophysical Quantities}",
  journal = {Physics Today},
     year = 2000,
    month = oct,
   volume = 53,
   number = 10,
    pages = {77},
      doi = {10.1063/1.1325201},
   adsurl = {http://adsabs.harvard.edu/abs/2000PhT....53j..77C},
  adsnote = {Provided by the SAO/NASA Astrophysics Data System}
}

@ARTICLE{Skumanich1972,
   author = {{Skumanich}, A.},
    title = "{Time Scales for CA II Emission Decay, Rotational Braking, and Lithium Depletion}",
  journal = {\apj},
     year = 1972,
    month = feb,
   volume = 171,
    pages = {565},
      doi = {10.1086/151310},
   adsurl = {http://adsabs.harvard.edu/abs/1972ApJ...171..565S},
  adsnote = {Provided by the SAO/NASA Astrophysics Data System}
}

@ARTICLE{Noyes1984_2,
   author = {{Noyes}, R.~W. and {Hartmann}, L.~W. and {Baliunas}, S.~L. and
	{Duncan}, D.~K. and {Vaughan}, A.~H.},
    title = "{Rotation, convection, and magnetic activity in lower main-sequence stars}",
  journal = {\apj},
 keywords = {Magnetic Stars, Main Sequence Stars, Stellar Activity, Stellar Magnetic Fields, Stellar Rotation, Chromosphere, Convection, Late Stars, Magnetoactivity},
     year = 1984,
    month = apr,
   volume = 279,
    pages = {763-777},
      doi = {10.1086/161945},
   adsurl = {http://adsabs.harvard.edu/abs/1984ApJ...279..763N},
  adsnote = {Provided by the SAO/NASA Astrophysics Data System}
}

@ARTICLE{Barnes2003,
   author = {{Barnes}, S.~A.},
    title = "{On the Rotational Evolution of Solar- and Late-Type Stars, Its Magnetic Origins, and the Possibility of Stellar Gyrochronology}",
  journal = {\apj},
   eprint = {astro-ph/0303631},
 keywords = {Galaxy: Open Clusters and Associations: General, Stars: Evolution, Stars: Interiors, Stars: Late-Type, Stars: Magnetic Fields, Stars: Rotation},
     year = 2003,
    month = mar,
   volume = 586,
    pages = {464-479},
      doi = {10.1086/367639},
   adsurl = {http://adsabs.harvard.edu/abs/2003ApJ...586..464B},
  adsnote = {Provided by the SAO/NASA Astrophysics Data System}
}

@ARTICLE{Mathur2014,
   author = {{Mathur}, S. and {Garc{\'{\i}}a}, R.~A. and {Ballot}, J. and others},
    title = "{Magnetic activity of F stars observed by Kepler}",
  journal = {\aap},
archivePrefix = "arXiv",
   eprint = {1312.6997},
 primaryClass = "astro-ph.SR",
 keywords = {asteroseismology, stars: solar-type, stars: activity, stars: general, methods: data analysis},
     year = 2014,
    month = feb,
   volume = 562,
      eid = {A124},
    pages = {A124},
      doi = {10.1051/0004-6361/201322707},
   adsurl = {http://adsabs.harvard.edu/abs/2014A%26A...562A.124M},
  adsnote = {Provided by the SAO/NASA Astrophysics Data System}
}

@ARTICLE{Thompson2013,
   author = {{Thompson}, S. E. and {Christiansen}, J. L. and {Jenkins}, J. M., et al.},
    title = "{Kepler Data Release 21 Notes}",
  journal = {(KSCI-19061-001), Kepler mission},
     year = 2013,
}

@ARTICLE{Cayrel1997,
   author = {{Cayrel de Strobel}, G. and {Soubiran}, C. and {Friel}, E.~D. and others},
    title = "{A catalogue of [Fe/H] determinations: 1996 edition}",
  journal = {\aaps},
   eprint = {astro-ph/9705206},
 keywords = {CATALOGUES, STARS: ABUNDANCES, STARS: ATMOSPHERES, STARS: FUNDAMENTAL PARAMETERS},
     year = 1997,
    month = aug,
   volume = 124,
    pages = {299-305},
      doi = {10.1051/aas:1997194},
   adsurl = {http://adsabs.harvard.edu/abs/1997A%26AS..124..299C},
  adsnote = {Provided by the SAO/NASA Astrophysics Data System}
}

@ARTICLE{Silva_Aguirre2011,
   author = {{Silva Aguirre}, V. and {Chaplin}, W.~J. and {Ballot}, J. and others},
    title = "{Constructing a One-solar-mass Evolutionary Sequence Using Asteroseismic Data from Kepler}",
  journal = {\apjl},
archivePrefix = "arXiv",
   eprint = {1108.2031},
 primaryClass = "astro-ph.SR",
 keywords = {asteroseismology, stars: evolution, stars: oscillations},
     year = 2011,
    month = oct,
   volume = 740,
      eid = {L2},
    pages = {L2},
      doi = {10.1088/2041-8205/740/1/L2},
   adsurl = {http://adsabs.harvard.edu/abs/2011ApJ...740L...2S},
  adsnote = {Provided by the SAO/NASA Astrophysics Data System}
}

@ARTICLE{Radick1995,
   author = {{Radick}, R.~R. and {Lockwood}, G.~W. and {Skiff}, B.~A. and
	{Thompson}, D.~T.},
    title = "{A 12 Year Photometric Study of Lower Main-Sequence Hyades Stars}",
  journal = {\apj},
 keywords = {GALAXY: OPEN CLUSTERS AND ASSOCIATIONS: INDIVIDUAL NAME: HYADES, STARS: ACTIVITY, STARS: LATE-TYPE, STARS: ROTATION},
     year = 1995,
    month = oct,
   volume = 452,
    pages = {332},
      doi = {10.1086/176305},
   adsurl = {http://adsabs.harvard.edu/abs/1995ApJ...452..332R},
  adsnote = {Provided by the SAO/NASA Astrophysics Data System}
}

@ARTICLE{Paulson2004,
   author = {{Paulson}, D.~B. and {Cochran}, W.~D. and {Hatzes}, A.~P.},
    title = "{Searching for Planets in the Hyades. V. Limits on Planet Detection in the Presence of Stellar Activity}",
  journal = {\aj},
   eprint = {astro-ph/0402569},
 keywords = {Galaxy: Open Clusters and Associations: Individual: Name: Hyades, Stars: Activity, Techniques: Radial Velocities},
     year = 2004,
    month = jun,
   volume = 127,
    pages = {3579-3586},
      doi = {10.1086/420710},
   adsurl = {http://adsabs.harvard.edu/abs/2004AJ....127.3579P},
  adsnote = {Provided by the SAO/NASA Astrophysics Data System}
}

@ARTICLE{Krishnamurthi1998,
   author = {{Krishnamurthi}, A. and {Terndrup}, D.~M. and {Pinsonneault}, M.~H. and others},
    title = "{New Rotation Periods in the Pleiades: Interpreting Activity Indicators}",
  journal = {\apj},
   eprint = {astro-ph/9711284},
 keywords = {STARS: ACTIVITY, STARS: EVOLUTION, STARS: ROTATION, X-RAYS: STARS, Stars: Activity, Stars: Evolution, Stars: Rotation, X-Rays: Stars},
     year = 1998,
    month = jan,
   volume = 493,
    pages = {914-925},
      doi = {10.1086/305173},
   adsurl = {http://adsabs.harvard.edu/abs/1998ApJ...493..914K},
  adsnote = {Provided by the SAO/NASA Astrophysics Data System}
}

@ARTICLE{Chaplin2014,
   author = {{Chaplin}, W.~J. and {Basu}, S. and {Huber}, D. and others},
    title = "{Asteroseismic Fundamental Properties of Solar-type Stars Observed by the NASA Kepler Mission}",
  journal = {\apjs},
archivePrefix = "arXiv",
   eprint = {1310.4001},
 primaryClass = "astro-ph.SR",
 keywords = {asteroseismology, methods: data analysis, stars: fundamental parameters, stars: interiors },
     year = 2014,
    month = jan,
   volume = 210,
      eid = {1},
    pages = {1},
      doi = {10.1088/0067-0049/210/1/1},
   adsurl = {http://adsabs.harvard.edu/abs/2014ApJS..210....1C},
  adsnote = {Provided by the SAO/NASA Astrophysics Data System}
}

@ARTICLE{Foreman-Mackey2014,
   author = {{Foreman-Mackey}, D. and {Hogg}, D.~W. and {Morton}, T.~D.},
    title = "{Exoplanet Population Inference and the Abundance of Earth Analogs from Noisy, Incomplete Catalogs}",
  journal = {\apj},
archivePrefix = "arXiv",
   eprint = {1406.3020},
 primaryClass = "astro-ph.EP",
 keywords = {catalogs, methods: data analysis, methods: statistical, planetary systems, stars: statistics },
     year = 2014,
    month = nov,
   volume = 795,
      eid = {64},
    pages = {64},
      doi = {10.1088/0004-637X/795/1/64},
   adsurl = {http://adsabs.harvard.edu/abs/2014ApJ...795...64F},
  adsnote = {Provided by the SAO/NASA Astrophysics Data System}
}

@ARTICLE{Rogers2014,
   author = {{Rogers}, L.~A.},
    title = "{Most 1.6 Earth-Radius Planets are not Rocky}",
  journal = {ArXiv e-prints},
archivePrefix = "arXiv",
   eprint = {1407.4457},
 primaryClass = "astro-ph.EP",
 keywords = {Astrophysics - Earth and Planetary Astrophysics},
     year = 2014,
    month = jul,
   adsurl = {http://adsabs.harvard.edu/abs/2014arXiv1407.4457R},
  adsnote = {Provided by the SAO/NASA Astrophysics Data System}
}

@ARTICLE{Morton2014,
   author = {{Morton}, T.~D. and {Winn}, J.~N.},
    title = "{Obliquities of Kepler Stars: Comparison of Single- and Multiple-Transit Systems}",
  journal = {ArXiv e-prints},
archivePrefix = "arXiv",
   eprint = {1408.6606},
 primaryClass = "astro-ph.EP",
 keywords = {Astrophysics - Earth and Planetary Astrophysics},
     year = 2014,
    month = aug,
   adsurl = {http://adsabs.harvard.edu/abs/2014arXiv1408.6606M},
  adsnote = {Provided by the SAO/NASA Astrophysics Data System}
}

@ARTICLE{Davies2014,
   author = {{Davies}, G.~R. and {Chaplin}, W.~J. and {Farr}, W.~M. and others},
    title = "{Asteroseismic inference on rotation, gyrochronology and planetary system dynamics of 16 Cygni}",
  journal = {ArXiv e-prints},
archivePrefix = "arXiv",
   eprint = {1411.1359},
 primaryClass = "astro-ph.SR",
 keywords = {Astrophysics - Solar and Stellar Astrophysics},
     year = 2014,
    month = nov,
   adsurl = {http://adsabs.harvard.edu/abs/2014arXiv1411.1359D},
  adsnote = {Provided by the SAO/NASA Astrophysics Data System}
}

@ARTICLE{Demory2014,
   author = {{Demory}, B.-O.},
    title = "{The Albedos of Kepler's Close-in Super-Earths}",
  journal = {\apjl},
archivePrefix = "arXiv",
   eprint = {1405.3798},
 primaryClass = "astro-ph.EP",
 keywords = {planetary systems, techniques: photometric },
     year = 2014,
    month = jul,
   volume = 789,
      eid = {L20},
    pages = {L20},
      doi = {10.1088/2041-8205/789/1/L20},
   adsurl = {http://adsabs.harvard.edu/abs/2014ApJ...789L..20D},
  adsnote = {Provided by the SAO/NASA Astrophysics Data System}
}

% 16CygAB colours
@ARTICLE{Ducati2002,
   author = {{Ducati}, J.~R.},
    title = "{VizieR Online Data Catalog: Catalogue of Stellar Photometry in Johnson's 11-color system.}",
  journal = {VizieR Online Data Catalog},
 keywords = {Photometry: UBVRIJKLMNH},
     year = 2002,
   volume = 2237,
    pages = {0},
   adsurl = {http://cdsads.u-strasbg.fr/abs/2002yCat.2237....0D},
  adsnote = {Provided by the SAO/NASA Astrophysics Data System}
}

@ARTICLE{Mathur2012,
   author = {{Mathur}, S. and {Metcalfe}, T.~S. and {Woitaszek}, M. and others},
    title = "{A Uniform Asteroseismic Analysis of 22 Solar-type Stars Observed by Kepler}",
  journal = {\apj},
archivePrefix = "arXiv",
   eprint = {1202.2844},
 primaryClass = "astro-ph.SR",
 keywords = {methods: numerical, stars: evolution, stars: interiors, stars: oscillations},
     year = 2012,
    month = apr,
   volume = 749,
      eid = {152},
    pages = {152},
      doi = {10.1088/0004-637X/749/2/152},
   adsurl = {http://adsabs.harvard.edu/abs/2012ApJ...749..152M},
  adsnote = {Provided by the SAO/NASA Astrophysics Data System}
}

Malmquist, K. 1920. Medd. Lund. Astron. Obs. 22,1
@ARTICLE{Malmquist1920,
   author = {{Malmquist}, K.},
  journal = {Medd. Lund. Astron. Obs},
     year = 1920,
   volume = 22,
    pages = {1},
}

@ARTICLE{Foreman-Mackey2015,
   author = {{Foreman-Mackey}, D. and {Montet}, B.~T. and {Hogg}, D.~W. and
	others},
    title = "{A systematic search for transiting planets in the K2 data}",
  journal = {ArXiv e-prints},
archivePrefix = "arXiv",
   eprint = {1502.04715},
 primaryClass = "astro-ph.EP",
 keywords = {Astrophysics - Earth and Planetary Astrophysics, Astrophysics - Instrumentation and Methods for Astrophysics},
     year = 2015,
    month = feb,
   adsurl = {http://adsabs.harvard.edu/abs/2015arXiv150204715F},
  adsnote = {Provided by the SAO/NASA Astrophysics Data System}
}

@ARTICLE{Vanderburg2014,
   author = {{Vanderburg}, A. and {Johnson}, J.~A.},
    title = "{A Technique for Extracting Highly Precise Photometry for the Two-Wheeled Kepler Mission}",
  journal = {\pasp},
archivePrefix = "arXiv",
   eprint = {1408.3853},
 primaryClass = "astro-ph.IM",
 keywords = {Data Analysis and Techniques},
     year = 2014,
    month = dec,
   volume = 126,
    pages = {948-958},
      doi = {10.1086/678764},
   adsurl = {http://adsabs.harvard.edu/abs/2014PASP..126..948V},
  adsnote = {Provided by the SAO/NASA Astrophysics Data System}
}

@ARTICLE{Christiansen2012,
   author = {{Christiansen}, J.~L. and {Jenkins}, J.~M. and {Caldwell}, D.~A. and
	others},
    title = "{The Derivation, Properties, and Value of Kepler''s Combined Differential Photometric Precision}",
  journal = {\pasp},
archivePrefix = "arXiv",
   eprint = {1208.0595},
 primaryClass = "astro-ph.EP",
 keywords = {Extrasolar Planets},
     year = 2012,
    month = dec,
   volume = 124,
    pages = {1279-1287},
      doi = {10.1086/668847},
   adsurl = {http://adsabs.harvard.edu/abs/2012PASP..124.1279C},
  adsnote = {Provided by the SAO/NASA Astrophysics Data System}
}

@ARTICLE{Smith2012,
   author = {{Smith}, J.~C. and {Stumpe}, M.~C. and {Van Cleve}, J.~E. and others},
    title = "{Kepler Presearch Data Conditioning II - A Bayesian Approach to Systematic Error Correction}",
  journal = {\pasp},
archivePrefix = "arXiv",
   eprint = {1203.1383},
 primaryClass = "astro-ph.IM",
 keywords = {Data Analysis and Techniques},
     year = 2012,
    month = sep,
   volume = 124,
    pages = {1000-1014},
      doi = {10.1086/667697},
   adsurl = {http://adsabs.harvard.edu/abs/2012PASP..124.1000S},
  adsnote = {Provided by the SAO/NASA Astrophysics Data System}
}

@ARTICLE{Stumpe2012,
   author = {{Stumpe}, M.~C. and {Smith}, J.~C. and {Van Cleve}, J.~E. and others},
    title = "{Kepler Presearch Data Conditioning I - Architecture and Algorithms for Error Correction in Kepler Light Curves}",
  journal = {\pasp},
archivePrefix = "arXiv",
   eprint = {1203.1382},
 primaryClass = "astro-ph.IM",
 keywords = {Data Analysis and Techniques},
     year = 2012,
    month = sep,
   volume = 124,
    pages = {985-999},
      doi = {10.1086/667698},
   adsurl = {http://adsabs.harvard.edu/abs/2012PASP..124..985S},
  adsnote = {Provided by the SAO/NASA Astrophysics Data System}
}

@ARTICLE{Garcia2011,
   author = {{Garc{\'{\i}}a}, R.~A. and {Hekker}, S. and {Stello}, D. and
	{Guti{\'e}rrez-Soto}, J. and {Handberg}, R. and {Huber}, D. and
	{Karoff}, C. and {Uytterhoeven}, K. and {Appourchaux}, T. and
	{Chaplin}, W.~J. and {Elsworth}, Y. and {Mathur}, S. and {Ballot}, J. and
	{Christensen-Dalsgaard}, J. and {Gilliland}, R.~L. and {Houdek}, G. and
	{Jenkins}, J.~M. and {Kjeldsen}, H. and {McCauliff}, S. and
	{Metcalfe}, T. and {Middour}, C.~K. and {Molenda-Zakowicz}, J. and
	{Monteiro}, M.~J.~P.~F.~G. and {Smith}, J.~C. and {Thompson}, M.~J.
	},
    title = "{Preparation of Kepler light curves for asteroseismic analyses}",
  journal = {\mnras},
archivePrefix = "arXiv",
   eprint = {1103.0382},
 primaryClass = "astro-ph.SR",
 keywords = {asteroseismology, methods: data analysis},
     year = 2011,
    month = jun,
   volume = 414,
    pages = {L6-L10},
      doi = {10.1111/j.1745-3933.2011.01042.x},
   adsurl = {http://adsabs.harvard.edu/abs/2011MNRAS.414L...6G},
  adsnote = {Provided by the SAO/NASA Astrophysics Data System}
}

@ARTICLE{mcquillan2013,
   author = {{McQuillan}, A. and {Aigrain}, S. and {Mazeh}, T.},
    title = "{Measuring the rotation period distribution of field M dwarfs with Kepler}",
  journal = {\mnras},
archivePrefix = "arXiv",
   eprint = {1303.6787},
 primaryClass = "astro-ph.SR",
 keywords = {methods: data analysis, stars: evolution, stars: low-mass, stars: magnetic field, stars: rotation},
     year = 2013,
    month = jun,
   volume = 432,
    pages = {1203-1216},
      doi = {10.1093/mnras/stt536},
   adsurl = {http://adsabs.harvard.edu/abs/2013MNRAS.432.1203M},
  adsnote = {Provided by the SAO/NASA Astrophysics Data System}
}

@ARTICLE{Reinhold2013,
   author = {{Reinhold}, T. and {Reiners}, A.},
    title = "{Fast and reliable method for measuring stellar differential rotation from photometric data}",
  journal = {\aap},
archivePrefix = "arXiv",
   eprint = {1306.2176},
 primaryClass = "astro-ph.SR",
 keywords = {stars: rotation, starspots, methods: analytical, methods: statistical, techniques: photometric},
     year = 2013,
    month = sep,
   volume = 557,
      eid = {A11},
    pages = {A11},
      doi = {10.1051/0004-6361/201321161},
   adsurl = {http://adsabs.harvard.edu/abs/2013A%26A...557A..11R},
  adsnote = {Provided by the SAO/NASA Astrophysics Data System}
}

@ARTICLE{Bastien2013,
   author = {{Bastien}, F.~A. and {Stassun}, K.~G. and {Basri}, G. and {Pepper}, J.
	},
    title = "{An observational correlation between stellar brightness variations and surface gravity}",
  journal = {\nat},
archivePrefix = "arXiv",
   eprint = {1308.4728},
 primaryClass = "astro-ph.SR",
     year = 2013,
    month = aug,
   volume = 500,
    pages = {427-430},
      doi = {10.1038/nature12419},
   adsurl = {http://adsabs.harvard.edu/abs/2013Natur.500..427B},
  adsnote = {Provided by the SAO/NASA Astrophysics Data System}
}

@ARTICLE{Huber2009,
   author = {{Huber}, D. and {Stello}, D. and {Bedding}, T.~R. and others},
    title = "{Automated extraction of oscillation parameters for Kepler observations of solar-type stars}",
  journal = {Communications in Asteroseismology},
archivePrefix = "arXiv",
   eprint = {0910.2764},
 primaryClass = "astro-ph.SR",
     year = 2009,
    month = oct,
   volume = 160,
    pages = {74},
   adsurl = {http://adsabs.harvard.edu/abs/2009CoAst.160...74H},
  adsnote = {Provided by the SAO/NASA Astrophysics Data System}
}

@ARTICLE{Sanchis-Ojeda2014,
   author = {{Sanchis-Ojeda}, R. and {Rappaport}, S. and {Winn}, J.~N. and
	   others},
    title = "{A Study of the Shortest-period Planets Found with Kepler}",
  journal = {\apj},
archivePrefix = "arXiv",
   eprint = {1403.2379},
 primaryClass = "astro-ph.EP",
 keywords = {planetary systems, planets and satellites: atmospheres, planets and satellites: detection},
     year = 2014,
    month = may,
   volume = 787,
      eid = {47},
    pages = {47},
      doi = {10.1088/0004-637X/787/1/47},
   adsurl = {http://adsabs.harvard.edu/abs/2014ApJ...787...47S},
  adsnote = {Provided by the SAO/NASA Astrophysics Data System}
}

@ARTICLE{Armstrong2015,
   author = {{Armstrong}, D.~J. and {Kirk}, J. and {Lam}, K.~W.~F. and
	   others},
    title = "{K2 Variable Catalogue II: Variable Stars and Eclipsing Binaries in K2 Fields 1 and 0}",
  journal = {ArXiv e-prints},
archivePrefix = "arXiv",
   eprint = {1502.04004},
 primaryClass = "astro-ph.SR",
 keywords = {Astrophysics - Solar and Stellar Astrophysics, Astrophysics - Earth and Planetary Astrophysics},
     year = 2015,
    month = feb,
   adsurl = {http://adsabs.harvard.edu/abs/2015arXiv150204004A},
  adsnote = {Provided by the SAO/NASA Astrophysics Data System}
}

@ARTICLE{Kipping2014,
   author = {{Kipping}, D.~M. and {Bastien}, F.~A. and {Stassun}, K.~G. and
	   others},
    title = "{Flicker as a Tool for Characterizing Planets Through Asterodensity Profiling}",
  journal = {\apjl},
archivePrefix = "arXiv",
   eprint = {1403.5264},
 primaryClass = "astro-ph.EP",
 keywords = {planetary systems, stars: activity, stars: solar-type, techniques: photometric},
     year = 2014,
    month = apr,
   volume = 785,
      eid = {L32},
    pages = {L32},
      doi = {10.1088/2041-8205/785/2/L32},
   adsurl = {http://adsabs.harvard.edu/abs/2014ApJ...785L..32K},
  adsnote = {Provided by the SAO/NASA Astrophysics Data System}
}

@ARTICLE{Barnes2007,
   author = {{Barnes}, S.~A.},
    title = "{Ages for Illustrative Field Stars Using Gyrochronology: Viability, Limitations, and Errors}",
  journal = {\apj},
archivePrefix = "arXiv",
   eprint = {0704.3068},
 keywords = {Galaxy: Open Clusters and Associations: General, Stars: Activity, Stars: Evolution, Stars: Late-Type, Stars: Magnetic Fields, Stars: Rotation},
     year = 2007,
    month = nov,
   volume = 669,
    pages = {1167-1189},
      doi = {10.1086/519295},
   adsurl = {http://adsabs.harvard.edu/abs/2007ApJ...669.1167B},
  adsnote = {Provided by the SAO/NASA Astrophysics Data System}
}

@ARTICLE{Skumanich1972,
   author = {{Skumanich}, A.},
    title = "{Time Scales for CA II Emission Decay, Rotational Braking, and Lithium Depletion}",
  journal = {\apj},
     year = 1972,
    month = feb,
   volume = 171,
    pages = {565},
      doi = {10.1086/151310},
   adsurl = {http://adsabs.harvard.edu/abs/1972ApJ...171..565S},
  adsnote = {Provided by the SAO/NASA Astrophysics Data System}
}

@ARTICLE{Epstein2014,
   author = {{Epstein}, C.~R. and {Pinsonneault}, M.~H.},
    title = "{How Good a Clock is Rotation? The Stellar Rotation-Mass-Age Relationship for Old Field Stars}",
  journal = {\apj},
archivePrefix = "arXiv",
   eprint = {1203.1618},
 primaryClass = "astro-ph.SR",
 keywords = {stars: evolution, stars: late-type, stars: rotation},
     year = 2014,
    month = jan,
   volume = 780,
      eid = {159},
    pages = {159},
      doi = {10.1088/0004-637X/780/2/159},
   adsurl = {http://adsabs.harvard.edu/abs/2014ApJ...780..159E},
  adsnote = {Provided by the SAO/NASA Astrophysics Data System}
}

@ARTICLE{Beky2014,
   author = {{B{\'e}ky}, B. and {Holman}, M.~J. and {Kipping}, D.~M. and
	{Noyes}, R.~W.},
    title = "{Stellar Rotation-Planetary Orbit Period Commensurability in the HAT-P-11 System}",
  journal = {\apj},
archivePrefix = "arXiv",
   eprint = {1403.7526},
 primaryClass = "astro-ph.SR",
 keywords = {stars: activity, stars: individual: HAT-P-11 Kepler-17, stars: rotation},
     year = 2014,
    month = jun,
   volume = 788,
      eid = {1},
    pages = {1},
      doi = {10.1088/0004-637X/788/1/1},
   adsurl = {http://adsabs.harvard.edu/abs/2014ApJ...788....1B},
  adsnote = {Provided by the SAO/NASA Astrophysics Data System}
}

@ARTICLE{Poppenhaeger2014,
   author = {{Poppenhaeger}, K. and {Wolk}, S.~J.},
    title = "{Indications for an influence of hot Jupiters on the rotation and activity of their host stars}",
  journal = {\aap},
archivePrefix = "arXiv",
   eprint = {1404.1073},
 primaryClass = "astro-ph.SR",
 keywords = {stars: activity, stars: coronae, planet-star interactions, X-rays: stars, binaries: general},
     year = 2014,
    month = may,
   volume = 565,
      eid = {L1},
    pages = {L1},
      doi = {10.1051/0004-6361/201423454},
   adsurl = {http://adsabs.harvard.edu/abs/2014A%26A...565L...1P},
  adsnote = {Provided by the SAO/NASA Astrophysics Data System}
}

@ARTICLE{Crossfield2015,
   author = {{Crossfield}, I.~J.~M. and {Petigura}, E. and {Schlieder}, J. and
	others},
    title = "{A nearby M star with three transiting super-Earths discovered by K2}",
  journal = {ArXiv e-prints},
archivePrefix = "arXiv",
   eprint = {1501.03798},
 primaryClass = "astro-ph.EP",
 keywords = {Astrophysics - Earth and Planetary Astrophysics, Astrophysics - Solar and Stellar Astrophysics},
     year = 2015,
    month = jan,
   adsurl = {http://adsabs.harvard.edu/abs/2015arXiv150103798C},
  adsnote = {Provided by the SAO/NASA Astrophysics Data System}
}

@ARTICLE{Aigrain2015,
   author = {{Aigrain}, S. and {Hodgkin}, S.~T. and {Irwin}, M.~J. and {Lewis}, J.~R. and
	{Roberts}, S.~J.},
    title = "{Precise time series photometry for the Kepler-2.0 mission}",
  journal = {\mnras},
archivePrefix = "arXiv",
   eprint = {1412.6304},
 primaryClass = "astro-ph.IM",
 keywords = {methods: data analysis, techniques: photometric},
     year = 2015,
    month = mar,
   volume = 447,
    pages = {2880-2893},
      doi = {10.1093/mnras/stu2638},
   adsurl = {http://adsabs.harvard.edu/abs/2015MNRAS.447.2880A},
  adsnote = {Provided by the SAO/NASA Astrophysics Data System}
}

@ARTICLE{Howell2014,
   author = {{Howell}, S.~B. and {Sobeck}, C. and {Haas}, M. and {Still}, M. and
	{Barclay}, T. and {Mullally}, F. and {Troeltzsch}, J. and {Aigrain}, S. and
	{Bryson}, S.~T. and {Caldwell}, D. and {Chaplin}, W.~J. and
	{Cochran}, W.~D. and {Huber}, D. and {Marcy}, G.~W. and {Miglio}, A. and
	{Najita}, J.~R. and {Smith}, M. and {Twicken}, J.~D. and {Fortney}, J.~J.
	},
    title = "{The K2 Mission: Characterization and Early Results}",
  journal = {\pasp},
archivePrefix = "arXiv",
   eprint = {1402.5163},
 primaryClass = "astro-ph.IM",
 keywords = {Astronomical Instrumentation},
     year = 2014,
    month = apr,
   volume = 126,
    pages = {398-408},
      doi = {10.1086/676406},
   adsurl = {http://adsabs.harvard.edu/abs/2014PASP..126..398H},
  adsnote = {Provided by the SAO/NASA Astrophysics Data System}
}

@ARTICLE{Vanderburg2015,
   author = {{Vanderburg}, A. and {Montet}, B.~T. and {Johnson}, J.~A. and
	   others},
    title = "{Characterizing K2 Planet Discoveries: A Super-Earth Transiting the Bright K Dwarf HIP116454}",
  journal = {\apj},
archivePrefix = "arXiv",
   eprint = {1412.5674},
 primaryClass = "astro-ph.EP",
 keywords = {planets and satellites: detection, techniques: photometric },
     year = 2015,
    month = feb,
   volume = 800,
      eid = {59},
    pages = {59},
      doi = {10.1088/0004-637X/800/1/59},
   adsurl = {http://adsabs.harvard.edu/abs/2015ApJ...800...59V},
  adsnote = {Provided by the SAO/NASA Astrophysics Data System}
}

@ARTICLE{McQuillan2013b,
   author = {{McQuillan}, A. and {Mazeh}, T. and {Aigrain}, S.},
    title = "{Stellar Rotation Periods of the Kepler Objects of Interest: A Dearth of Close-in Planets around Fast Rotators}",
  journal = {\apjl},
archivePrefix = "arXiv",
   eprint = {1308.1845},
 primaryClass = "astro-ph.EP",
 keywords = {methods: observational, planets and satellites: dynamical evolution and stability, planet-star interactions, stars: rotation },
     year = 2013,
    month = sep,
   volume = 775,
      eid = {L11},
    pages = {L11},
      doi = {10.1088/2041-8205/775/1/L11},
   adsurl = {http://adsabs.harvard.edu/abs/2013ApJ...775L..11M},
  adsnote = {Provided by the SAO/NASA Astrophysics Data System}
}

@ARTICLE{Mazeh2015,
   author = {{Mazeh}, T. and {Perets}, H.~B. and {McQuillan}, A. and {Goldstein}, E.~S.
	},
    title = "{Photometric Amplitude Distribution of Stellar Rotation of KOIs---Indication for Spin-Orbit Alignment of Cool Stars and High Obliquity for Hot Stars}",
  journal = {\apj},
archivePrefix = "arXiv",
   eprint = {1501.01288},
 primaryClass = "astro-ph.EP",
 keywords = {methods: observational, planets and satellites: dynamical evolution and stability, planet-star interactions, stars: rotation },
     year = 2015,
    month = mar,
   volume = 801,
      eid = {3},
    pages = {3},
      doi = {10.1088/0004-637X/801/1/3},
   adsurl = {http://adsabs.harvard.edu/abs/2015ApJ...801....3M},
  adsnote = {Provided by the SAO/NASA Astrophysics Data System}
}

@ARTICLE{Chaplin2009,
   author = {{Chaplin}, W.~J. and {Houdek}, G. and {Karoff}, C. and {Elsworth}, Y. and
	{New}, R.},
    title = "{Mode lifetimes of stellar oscillations. Implications for asteroseismology}",
  journal = {\aap},
archivePrefix = "arXiv",
   eprint = {0905.1722},
 primaryClass = "astro-ph.SR",
 keywords = {convection, stars: oscillations, methods: data analysis},
     year = 2009,
    month = jun,
   volume = 500,
    pages = {L21-L24},
      doi = {10.1051/0004-6361/200911952},
   adsurl = {http://adsabs.harvard.edu/abs/2009A%26A...500L..21C},
  adsnote = {Provided by the SAO/NASA Astrophysics Data System}
}

@ARTICLE{Lund2015,
   author = {{Lund}, M.~N. and {Handberg}, R. and {Davies}, G.~R. and {Chaplin}, W.~J. and
	{Jones}, C.~D.},
    title = "{K2P\$\^{}2\$ \$-\$ A photometry pipeline for the K2 mission}",
  journal = {ArXiv e-prints},
archivePrefix = "arXiv",
   eprint = {1504.05199},
 primaryClass = "astro-ph.SR",
 keywords = {Astrophysics - Solar and Stellar Astrophysics, Astrophysics - Earth and Planetary Astrophysics, Astrophysics - Instrumentation and Methods for Astrophysics},
     year = 2015,
    month = apr,
   adsurl = {http://adsabs.harvard.edu/abs/2015arXiv150405199L},
  adsnote = {Provided by the SAO/NASA Astrophysics Data System}
}

@ARTICLE{Sanchis-Ojeda2015,
   author = {{Sanchis-Ojeda}, R. and {Rappaport}, S. and {Pall{\'e}}, E. and
	others},
    title = "{The K2-ESPRINT Project I: Discovery of the Disintegrating Rocky Planet with a Cometary Head and Tail EPIC 201637175b}",
  journal = {ArXiv e-prints},
archivePrefix = "arXiv",
   eprint = {1504.04379},
 primaryClass = "astro-ph.EP",
 keywords = {Astrophysics - Earth and Planetary Astrophysics},
     year = 2015,
    month = apr,
   adsurl = {http://adsabs.harvard.edu/abs/2015arXiv150404379S},
  adsnote = {Provided by the SAO/NASA Astrophysics Data System}
}

@ARTICLE{Angus2015,
   author = {{Angus}, R. and {Aigrain}, S. and {Foreman-Mackey}, D. and {McQuillan}, A.
	},
    title = "{Calibrating gyrochronology using Kepler asteroseismic targets}",
  journal = {\mnras},
archivePrefix = "arXiv",
   eprint = {1502.06965},
 primaryClass = "astro-ph.EP",
 keywords = {methods: statistical, stars: evolution, stars: fundamental parameters, stars: oscillations, stars: rotation, stars: solar-type},
     year = 2015,
    month = jun,
   volume = 450,
    pages = {1787-1798},
      doi = {10.1093/mnras/stv423},
   adsurl = {http://adsabs.harvard.edu/abs/2015MNRAS.450.1787A},
  adsnote = {Provided by the SAO/NASA Astrophysics Data System}
}

@ARTICLE{dotter,
   author = {{Dotter}, A. and {Chaboyer}, B. and {Jevremovi{\'c}}, D. and
	{Kostov}, V. and {Baron}, E. and {Ferguson}, J.~W.},
    title = "{The Dartmouth Stellar Evolution Database}",
  journal = {\apjs},
archivePrefix = "arXiv",
   eprint = {0804.4473},
 keywords = {Galaxy: Globular Clusters: General, Galaxy: Open Clusters and Associations: General, Stars: Evolution},
     year = 2008,
    month = sep,
   volume = 178,
    pages = {89-101},
      doi = {10.1086/589654},
   adsurl = {http://adsabs.harvard.edu/abs/2008ApJS..178...89D},
  adsnote = {Provided by the SAO/NASA Astrophysics Data System}
}

@ARTICLE{spada,
   author = {{Spada}, F. and {Demarque}, P. and {Kim}, Y.-C. and {Sills}, A.
	},
    title = "{The Radius Discrepancy in Low-mass Stars: Single versus Binaries}",
  journal = {\apj},
archivePrefix = "arXiv",
   eprint = {1308.5558},
 primaryClass = "astro-ph.SR",
 keywords = {stars: activity, stars: atmospheres, stars: evolution, stars: interiors, stars: low-mass},
     year = 2013,
    month = oct,
   volume = 776,
      eid = {87},
    pages = {87},
      doi = {10.1088/0004-637X/776/2/87},
   adsurl = {http://adsabs.harvard.edu/abs/2013ApJ...776...87S},
  adsnote = {Provided by the SAO/NASA Astrophysics Data System}
}

\bibitem[\protect\citeauthoryear{Andrieu \& Roberts}{2009}]{andrieu:2009}
Andrieu, C., \& Roberts, G.~O., Ann. Statist., 2, 695
\bibitem[\protect\citeauthoryear{Angus et al.}{2015}]{angus:2015}
Angusr, R., Aigrain, S., Foreman-Mackey, D. \& McQuillan, A., 2015, MNRAS,
450, 1787
\bibitem[\protect\citeauthoryear{Bastien et al.}{2013}]{bastien:2013} Bastien,
F. A., Stassun, K. G., Basri, G. \& Pepper, J., 2013, Nature, 500, 427
\bibitem[\protect\citeauthoryear{Chaplin et al.}{2014}]{chaplin:2014}
Chaplin, W.~J., Basu, S., Huber, D. et al., 2014, ApJS, 210, 1
\bibitem[\protect\citeauthoryear{Cranmer et al.}{2014}]{cranmer:2014}
Cranmer, S. R., Bastien, F. A., Stassun, K. G. \& Saar, S. H., 2014, ApJ, 781,
124
\bibitem[\protect\citeauthoryear{Foreman-Mackey et al.}{2014}]
{foreman-mackey:2014} Foreman-Mackey, D., Hogg, D.~W. \& Morton, T.~D., 2014,
ApJ, 795, 64
\bibitem[Foreman-Mackey et al.(2013)]{foreman-mackey:2013}
Foreman-Mackey, D., Hogg, D.~W., Lang, D., \& Goodman, J.\ 2013, \pasp, 125, 306
\bibitem[\protect\citeauthoryear{Fox}{1997}]{fox:1997}
Fox, J., 1997, Applied Regression Analysis, Linear Models, and Related Methods
(Thousand Oaks:Sage Publications, Inc.)
\bibitem[\protect\citeauthoryear{Fuller}{1987}]{fuller:1987}
Fuller, W.~A., 1987, Wiley Series in Probability and Mathematical Statistics
\bibitem[\protect\citeauthoryear{Hogg et al.}{2010}]{hogg:2010}
Hogg, D.~W., Myers, A.~D. \& Bovy, J., 2010, ApJ, 725,
2166
\bibitem[\protect\citeauthoryear{Hogg et al.}{2010b}]{hogg:2010b}
Hogg, D.~W., Bovy, J. \& Lang, D., 2010
\bibitem[\protect\citeauthoryear{Huber et al.}{2013}]{huber:2013}
Huber, D., Chaplin, W.~J., Christensen-Dalsgaard, J. et al., 2013, ApJ, 767,
127
\bibitem[\protect\citeauthoryear{Kelly}{2007}]{kelly:2007} Kelly, B.~C., 2007,
ApJ, 665, 1489
\bibitem[\protect\citeauthoryear{Kipping et al.}{2014}]{kipping:2014}
Kipping, D.~M., Bastien, F.~A., Stassun, K.~G., Chaplin, W.~J., Huber, D. \&
Buchhave, L.~A., 2014, ApJ, 785, 32
\bibitem[\protect\citeauthoryear{Rogers}{2015}]{rogers:2015}
Rogers, L.~A., 2015, ApJ, 801, 41
\bibitem[\protect\citeauthoryear{Seager \& Mall\'{e}n-Ornelas}{2003}]
{seager:2003}Seager, S., \& Mall\'{e}n-Ornelas, G., 2003, ApJ, 585, 1038
\bibitem[VanderPlas(2014)]{vanderplas}
VanderPlas, J.\ 2014, arXiv:1411.5018
\bibitem[\protect\citeauthoryear{Wolfgang et al.}{2015}]{wolfgang:2015}
Wolfgang, A., Rogers, L.~A., Ford, E.~B., 2015, ApJ, submitted
(astro-ph:1504.07557)

\bibitem[Angus \etal(2015)]{angus}
Angus, R., Aigrain, S., Foreman-Mackey, D., McQuillan., A., 2015,
MNRAS, 450, 1787
\bibitem[Angus, Aigrain \& Foreman-Mackey(in press)]{AngusIAU}
Angus, R. Aigrain, S. \& Foreman-Mackey, D., Conference proceedings of
the International Astronomical Union XXIX, 2015
\bibitem[Angus \etal(ApJ submitted)]{sip}
Angus, R., Foreman-Mackey, D. \& Johnson, J., Submitted to ApJ
\bibitem[Angus \& Kipping(ApJ submitted)]{flicker}
Angus, R. \& Kipping, D., Submitted to ApJ
\bibitem[\protect\citeauthoryear{Bastien \etal}{2013}]{bastien}
Bastien, F. A., Stassun, K. G., Basri, G. \& Pepper, J., 2013, Nature, 500, 427
\bibitem[Barnes(2003)]{barnes}
Barnes, S.~A., 1972, ApJ, 586, 464
\bibitem[Ballard \& Johnson(2014)]{ballard}
Ballard, S., \& Johnson, J. A. 2014, arXiv:1410.4192
\bibitem[Borucki \etal(2010)]{kepler}
Borucki, W.~J., Koch, D., Basri, G. \etal, 2010, Science, 327, 977
\bibitem[Bovy \etal(2015)]{bovy}
Bovy, J., Rix, H., Schlafly, E.~F., \etal, 2015, ArXiv:1509.05796
\bibitem[Burke \etal(2015)]{burke}
Burke, C.~J., Christiansen, J.~L., Mullaly, F. \etal, 2015, ApJ, 809, 8B
\bibitem[Davies \etal(2014)]{davies}
Davies, M.~B., Adams, F.~C., Armitage, P., \etal, 2014,
Protostars and Planets VI, 787
\bibitem[Dressing \& Charbonneau(2015)]{dressing}
Dressing, C.~D. \& Charbonneau, D., 2015, \apj, 807, 45
\bibitem[Epstein \& Pinsonneault(2013)]{epstein}
Epstein, C.~R., \& Pinsonneault, M.~H., 2013, ApJ, 780, 159
\bibitem[Fang \& Margot(2013)]{fang}
Fang, J., \& Margot, J.~L. 2013, ApJ, 767, 115
\bibitem[Foreman-Mackey \etal(2015)]{foreman-mackey}
Foreman-Mackey, D., Hogg, D. \& Morton, T., D., 2015, \apj, 975, 64
\bibitem[Funk \etal(2010)]{funk}
Funk, B., \etal, 2010, A\&A, 516, A82
\bibitem[Howard \etal(2012)]{howard}
Howard, A.~W., Marcy, G.~W., Bryson, S.~T. \etal, 2012, \apj, 201, 15
\bibitem[Howell \etal(2014)]{k2}
Howell, S.~B., \etal\ 2014, \pasp, 126, 398
\bibitem[Johansen \etal(2012)]{johansen}
Johansen, A., Davies, M.~B., Church, R.~P., \& Holmelin, V. 2012, ApJ, 758, 39
\bibitem[Kawaler(1988)]{kawaler}
Kawaler, S.~D., 1972, ApJ, 333, 236
\bibitem[Lissauer, \etal(2011)]{lissauer}
Lissauer, J.~J., Fabrycky, D.~C., Ford, E.~B., \etal, 2011, Nature, 470, 53
\bibitem[McQuillan \etal(2014)]{mcquillan2014}
McQuillan, A., Mazeh, T. \& Aigrain, S., ApJ, 211, 24
\bibitem[Morton \& Winn(2014)]{morton}
Morton, T.~D. \& Winn, J.~N., 2014, ApJ, 796, 47
\bibitem[Petigura \etal(2013)]{petigura}
Petigura, E.~A., Howard, A.~W. \& Marcy, G.~W., 2013, PNAS, 110, 19273
\bibitem[Petrovich(2014)]{petrovich}
Petrovich, C., 2014, ApJ, 799, 27
\bibitem[Pu \& Wu(2015)]{Pu2015}
Pu, B. \& Wu, Y., ApJ, 2015, 808, 44
\bibitem[Ricker \etal(2014)]{tess}
Ricker, G.~R., \etal, 2014, SPIE JATIS, 3
\bibitem[Shara \etal(2014)]{shara}
Shara, M.~M., Hurley, J.~R., Mardling, R.~A., 2014, arXiv:1411.7061v1
[astro-ph.EP]
\bibitem[Skumanich(1972)]{skumanich}
Skumanich, A., 1972, ApJ, 171, 565
\bibitem[Smith \& Lissauer(2009)]{smith}
Smith, A.~W. \& Lissauer, J.~J., 2009, Icarus, 201, 381
\bibitem[van Saders \etal(2015)]{vansaders}
van Saders \etal, 2015, Nature (in press)
\bibitem[Veras \etal(2015)]{veras}
Veras, D., Brown, D.~J.~A., Mustill, A.~J. \& Pollacco, D., 2015, MNRAS, 453,
67
\bibitem[Walkowicz \& Basri(2014)]{walk}
Walkowicz, L.~M. \& Basri, G.~S., 2014, MNRAS, 436, 1883
\bibitem[Winn \& Fabrycky(2015)]{winn}
Winn, J.~N. \& Fabrycky, D.~C., 2015 A\&A, 53, 409
\bibitem[Zhou \etal(2007)]{zhou}
Zhou, J.~L., Lin, D.~N. C., \& Sun, Y.~S. 2007, ApJ, 666, 423

@ARTICLE{gilliland93,
   author = {{Gilliland}, R.~L. and {Brown}, T.~M. and {Kjeldsen}, H. and
	{McCarthy}, J.~K. and {Peri}, M.~L. and {Belmonte}, J.~A. and
	{Vidal}, I. and {Cram}, L.~E. and {Palmer}, J. and {Frandsen}, S. and
	{Parthasarathy}, M. and {Petro}, L. and {Schneider}, H. and
	{Stetson}, P.~B. and {Weiss}, W.~W.},
    title = "{A search for solar-like oscillations in the stars of M67 with CCD ensemble photometry on a network of 4 M telescopes}",
  journal = {\aj},
 keywords = {Astronomical Photometry, Charge Coupled Devices, Open Clusters, Stars, Stellar Oscillations, Telescopes, Amplitudes, Detection, Time Series Analysis},
     year = 1993,
    month = dec,
   volume = 106,
    pages = {2441-2476},
      doi = {10.1086/116814},
   adsurl = {http://adsabs.harvard.edu/abs/1993AJ....106.2441G},
  adsnote = {Provided by the SAO/NASA Astrophysics Data System}
}

@ARTICLE{kjeldsen95a,
   author = {{Kjeldsen}, H. and {Bedding}, T.~R. and {Viskum}, M. and {Frandsen}, S.
	},
    title = "{Solarlike oscillations in eta Boo}",
  journal = {\aj},
   eprint = {astro-ph/9411016},
 keywords = {Balmer Series, G Stars, Power Spectra, Spectral Line Width, Stellar Oscillations, Stellar Temperature, Amplitudes, Data Correlation, Frequencies, Spectrum Analysis},
     year = 1995,
    month = mar,
   volume = 109,
    pages = {1313-1319},
      doi = {10.1086/117363},
   adsurl = {http://adsabs.harvard.edu/abs/1995AJ....109.1313K},
  adsnote = {Provided by the SAO/NASA Astrophysics Data System}
}


@ARTICLE{brown,
   author = {{Brown}, T.~M. and {Gilliland}, R.~L.},
    title = "{Asteroseismology}",
  journal = {\araa},
     year = 1994,
   volume = 32,
    pages = {37-82},
      doi = {10.1146/annurev.aa.32.090194.000345},
   adsurl = {http://adsabs.harvard.edu/abs/1994ARA%26A..32...37B},
  adsnote = {Provided by the SAO/NASA Astrophysics Data System}
}

@ARTICLE{toutain,
   author = {{Toutain}, T. and {Froehlich}, C.},
    title = "{Characteristics of solar p-modes - Results from the IPHIR experiment}",
  journal = {\aap},
 keywords = {P Waves, Solar Oscillations, Astronomical Models, Irradiation, Power Spectra, Solar Convection (Astronomy), Spectral Energy Distribution, Time Series Analysis},
     year = 1992,
    month = apr,
   volume = 257,
    pages = {287-297},
   adsurl = {http://adsabs.harvard.edu/abs/1992A%26A...257..287T},
  adsnote = {Provided by the SAO/NASA Astrophysics Data System}
}

@BOOK{Cox,
   author = {{Cox}, J.~P.},
    title = "{Theory of stellar pulsation}",
 keywords = {Astrophysics, Stellar Oscillations, Variable Stars, Adiabatic Conditions, Conservation Equations, Nonadiabatic Conditions, Radial Velocity, Stellar Gravitation, Stellar Luminosity, Stellar Models, Wave Equations},
booktitle = {Research supported by the National Science Foundation Princeton, NJ, Princeton University Press, 1980.~393 p.},
     year = 1980,
   adsurl = {http://adsabs.harvard.edu/abs/1980tsp..book.....C},
  adsnote = {Provided by the SAO/NASA Astrophysics Data System}
}

@INPROCEEDINGS{brown2000,
   author = {{Brown}, T.~M.},
    title = "{Progress in Observational Asteroseismology}",
booktitle = {The Third MONS Workshop: Science Preparation and Target Selection},
     year = 2000,
   editor = {{Teixeira}, T. and {Bedding}, T.},
    month = apr,
    pages = {1},
   adsurl = {http://adsabs.harvard.edu/abs/2000mons.proc....1B},
  adsnote = {Provided by the SAO/NASA Astrophysics Data System}
}

@INPROCEEDINGS{kjeldsen2001,
   author = {{Kjeldsen}, H. and {Bedding}, T.~R.},
    title = "{Current status of asteroseismology}",
 keywords = {ASTEROSEISMOLOGY, DELTA SCUTI STARS, SOLAR-LIKE OSCILLATIONS},
booktitle = {SOHO 10/GONG 2000 Workshop: Helio- and Asteroseismology at the Dawn of the Millennium},
     year = 2001,
   series = {ESA Special Publication},
   volume = 464,
   eprint = {astro-ph/0011354},
   editor = {{Wilson}, A. and {Pall{\'e}}, P.~L.},
    month = jan,
    pages = {361-366},
   adsurl = {http://adsabs.harvard.edu/abs/2001ESASP.464..361K},
  adsnote = {Provided by the SAO/NASA Astrophysics Data System}
}

@ARTICLE{kjeldsen1995,
   author = {{Kjeldsen}, H. and {Bedding}, T.~R. and {Viskum}, M. and {Frandsen}, S.
	},
    title = "{Solarlike oscillations in eta Boo}",
  journal = {\aj},
   eprint = {astro-ph/9411016},
 keywords = {Balmer Series, G Stars, Power Spectra, Spectral Line Width, Stellar Oscillations, Stellar Temperature, Amplitudes, Data Correlation, Frequencies, Spectrum Analysis},
     year = 1995,
    month = mar,
   volume = 109,
    pages = {1313-1319},
      doi = {10.1086/117363},
   adsurl = {http://adsabs.harvard.edu/abs/1995AJ....109.1313K},
  adsnote = {Provided by the SAO/NASA Astrophysics Data System}
}

@ARTICLE{barban1999,
   author = {{Barban}, C. and {Michel}, E. and {Martic}, M. and {Schmitt}, J. and
	{Lebrun}, J.~C. and {Baglin}, A. and {Bertaux}, J.~L.},
    title = "{Solar-like oscillations of Procyon A: stellar models and time series simulations versus observations}",
  journal = {\aap},
 keywords = {STARS: OSCILLATIONS, STARS: INDIVIDUAL: PROCYON A},
     year = 1999,
    month = oct,
   volume = 350,
    pages = {617-625},
   adsurl = {http://adsabs.harvard.edu/abs/1999A%26A...350..617B},
  adsnote = {Provided by the SAO/NASA Astrophysics Data System}
}

@ARTICLE{martic1999,
   author = {{Marti{\'c}}, M. and {Schmitt}, J. and {Lebrun}, J.-C. and {Barban}, C. and
	{Connes}, P. and {Bouchy}, F. and {Michel}, E. and {Baglin}, A. and
	{Appourchaux}, T. and {Bertaux}, J.-L.},
    title = "{Evidence for global pressure oscillations on Procyon}",
  journal = {\aap},
 keywords = {STARS: OSCILLATIONS, STARS: INDIVIDUAL: PROCYON, TECHNIQUES: SPECTROSCOPIC},
     year = 1999,
    month = nov,
   volume = 351,
    pages = {993-1002},
   adsurl = {http://adsabs.harvard.edu/abs/1999A%26A...351..993M},
  adsnote = {Provided by the SAO/NASA Astrophysics Data System}
}

@INPROCEEDINGS{martic2001,
   author = {{Marti{\'c}}, M. and {Lebrun}, J.~C. and {Schmitt}, J. and {Appourchaux}, T. and
	{Bertaux}, J.~L.},
    title = "{Observing solar-like oscillations: {$\alpha$} CMi, {$\eta$} Cas A and {$\zeta$} Her A}",
 keywords = {OSCILLATIONS, SOLAR-LIKE STARS, RADIAL VELOCITY},
booktitle = {SOHO 10/GONG 2000 Workshop: Helio- and Asteroseismology at the Dawn of the Millennium},
     year = 2001,
   series = {ESA Special Publication},
   volume = 464,
   editor = {{Wilson}, A. and {Pall{\'e}}, P.~L.},
    month = jan,
    pages = {431-434},
   adsurl = {http://adsabs.harvard.edu/abs/2001ESASP.464..431M},
  adsnote = {Provided by the SAO/NASA Astrophysics Data System}
}

@ARTICLE{kjeldsen1999,
   author = {{Kjeldsen}, H. and {Bedding}, T.~R. and {Frandsen}, S. and {dall}, T.~H.
	},
    title = "{A search for solar-like oscillations and granulation in alpha CEN A}",
  journal = {\mnras},
   eprint = {astro-ph/9811299},
 keywords = {SUN: ATMOSPHERE, SUN: OSCILLATIONS, STARS: INDIVIDUAL: ALPHA CEN A (HR 5459), STARS: INDIVIDUAL: PROCYON (HR 2943), STARS: OSCILLATIONS},
     year = 1999,
    month = mar,
   volume = 303,
    pages = {579-587},
      doi = {10.1046/j.1365-8711.1999.02254.x},
   adsurl = {http://adsabs.harvard.edu/abs/1999MNRAS.303..579K},
  adsnote = {Provided by the SAO/NASA Astrophysics Data System}
}

@ARTICLE{bedding2001,
   author = {{Bedding}, T.~R. and {Butler}, R.~P. and {Kjeldsen}, H. and
	{Baldry}, I.~K. and {O'Toole}, S.~J. and {Tinney}, C.~G. and
	{Marcy}, G.~W. and {Kienzle}, F. and {Carrier}, F.},
    title = "{Evidence for Solar-like Oscillations in {$\beta$} Hydri}",
  journal = {\apjl},
   eprint = {astro-ph/0012417},
 keywords = {Stars: Individual: Constellation Name: {$\beta$} Hydri, Stars: Oscillations, Techniques: Radial Velocities},
     year = 2001,
    month = mar,
   volume = 549,
    pages = {L105-L108},
      doi = {10.1086/319139},
   adsurl = {http://adsabs.harvard.edu/abs/2001ApJ...549L.105B},
  adsnote = {Provided by the SAO/NASA Astrophysics Data System}
}

@ARTICLE{chaplin2014,
   author = {{Chaplin}, W.~J. and {Basu}, S. and {Huber}, D. and {Serenelli}, A. and
	{Casagrande}, L. and {Silva Aguirre}, V. and {Ball}, W.~H. and
	{Creevey}, O.~L. and {Gizon}, L. and {Handberg}, R. and {Karoff}, C. and
	{Lutz}, R. and {Marques}, J.~P. and {Miglio}, A. and {Stello}, D. and
	{Suran}, M.~D. and {Pricopi}, D. and {Metcalfe}, T.~S. and {Monteiro}, M.~J.~P.~F.~G. and
	{Molenda-{\.Z}akowicz}, J. and {Appourchaux}, T. and {Christensen-Dalsgaard}, J. and
	{Elsworth}, Y. and {Garc{\'{\i}}a}, R.~A. and {Houdek}, G. and
	{Kjeldsen}, H. and {Bonanno}, A. and {Campante}, T.~L. and {Corsaro}, E. and
	{Gaulme}, P. and {Hekker}, S. and {Mathur}, S. and {Mosser}, B. and
	{R{\'e}gulo}, C. and {Salabert}, D.},
    title = "{Asteroseismic Fundamental Properties of Solar-type Stars Observed by the NASA Kepler Mission}",
  journal = {\apjs},
archivePrefix = "arXiv",
   eprint = {1310.4001},
 primaryClass = "astro-ph.SR",
 keywords = {asteroseismology, methods: data analysis, stars: fundamental parameters, stars: interiors },
     year = 2014,
    month = jan,
   volume = 210,
      eid = {1},
    pages = {1},
      doi = {10.1088/0067-0049/210/1/1},
   adsurl = {http://adsabs.harvard.edu/abs/2014ApJS..210....1C},
  adsnote = {Provided by the SAO/NASA Astrophysics Data System}
}

@ARTICLE{michel2008,
   author = {{Michel}, E. and {Baglin}, A. and {Weiss}, W.~W. and {Auvergne}, M. and
	{Catala}, C. and {Aerts}, C. and {Appourchaux}, T. and {Barban}, C. and
	{Baudin}, F. and {Briquet}, M.-L. and {Carrier}, F. and {Debosher}, J. and
	{De Ridder}, J. and {Garcia}, R.~A. and {Garrido}, R. and {Gutierrez}, J. and
	{Kallinger}, T. and {Lefevre}, L. and {Neiner}, C. and {Poretti}, E. and
	{Samadi}, R. and {Sarro}, L. and {COROT Team}},
    title = "{First asteroseismic results from CoRoT}",
  journal = {Communications in Asteroseismology},
     year = 2008,
    month = dec,
   volume = 157,
    pages = {69},
   adsurl = {http://adsabs.harvard.edu/abs/2008CoAst.157...69M},
  adsnote = {Provided by the SAO/NASA Astrophysics Data System}
}

@ARTICLE{bruntt2009,
   author = {{Bruntt}, H.},
    title = "{Accurate fundamental parameters of CoRoT asteroseismic targets. The solar-like stars HD 49933, HD 175726, HD 181420, and HD 181906}",
  journal = {\aap},
archivePrefix = "arXiv",
   eprint = {0907.1198},
 primaryClass = "astro-ph.SR",
 keywords = {stars: fundamental parameters, binaries: spectroscopic, stars: abundances},
     year = 2009,
    month = oct,
   volume = 506,
    pages = {235-244},
      doi = {10.1051/0004-6361/200911925},
   adsurl = {http://adsabs.harvard.edu/abs/2009A%26A...506..235B},
  adsnote = {Provided by the SAO/NASA Astrophysics Data System}
}
