\bibitem[Jenkins et al.(2015)]{jenkins}
Jenkins, J.~M., Twicken, J.~D., Batalha, N.~M., et al.\ 2015, \aj, 150, 56

\bibitem[Lanza et al.(2014)]{lanza}
Lanza, A.~F., Das Chagas, M.~L., \& De Medeiros, J.~R.\ 2014, \aap, 564, A50
